@book{DBLP:books/sp/NocedalW99,
  author    = {Jorge Nocedal and
               Stephen J. Wright},
  title     = {Numerical Optimization},
  publisher = {Springer},
  year      = {1999},
  url       = {https://doi.org/10.1007/b98874},
  doi       = {10.1007/b98874},
  isbn      = {978-0-387-98793-4},
  timestamp = {Mon, 22 Jul 2019 15:00:48 +0200},
  biburl    = {https://dblp.org/rec/books/sp/NocedalW99.bib},
  bibsource = {dblp computer science bibliography, https://dblp.org}
}

@inproceedings{DBLP:conf/pods/Vianu21,
  author    = {Victor Vianu},
  editor    = {Leonid Libkin and
               Reinhard Pichler and
               Paolo Guagliardo},
  title     = {Datalog Unchained},
  booktitle = {PODS'21: Proceedings of the 40th {ACM} {SIGMOD-SIGACT-SIGAI} Symposium
               on Principles of Database Systems, Virtual Event, China, June 20-25,
               2021},
  pages     = {57--69},
  publisher = {{ACM}},
  year      = {2021},
  url       = {https://doi.org/10.1145/3452021.3458815},
  doi       = {10.1145/3452021.3458815},
  timestamp = {Mon, 21 Jun 2021 12:19:38 +0200},
  biburl    = {https://dblp.org/rec/conf/pods/Vianu21.bib},
  bibsource = {dblp computer science bibliography, https://dblp.org}
}

@book{MR1676282,
  author     = {Stanley, Richard P.},
  title      = {Enumerative combinatorics. {V}ol. 2},
  series     = {Cambridge Studies in Advanced Mathematics},
  volume     = {62},
  note       = {With a foreword by Gian-Carlo Rota and appendix 1 by Sergey
                Fomin},
  publisher  = {Cambridge University Press, Cambridge},
  year       = {1999},
  pages      = {xii+581},
  isbn       = {0-521-56069-1; 0-521-78987-7},
  mrclass    = {05A15 (05-02 05E05 05E10 68R05)},
  mrnumber   = {1676282},
  mrreviewer = {Ira Gessel},
  doi        = {10.1017/CBO9780511609589},
  url        = {https://doi-org.gate.lib.buffalo.edu/10.1017/CBO9780511609589}
}

@incollection{MR1608370,
  author     = {Gunawardena, Jeremy},
  title      = {An introduction to idempotency},
  booktitle  = {Idempotency ({B}ristol, 1994)},
  series     = {Publ. Newton Inst.},
  volume     = {11},
  pages      = {1--49},
  publisher  = {Cambridge Univ. Press, Cambridge},
  year       = {1998},
  mrclass    = {16Y60 (35A99 46S99)},
  mrnumber   = {1608370},
  mrreviewer = {Udo Hebisch},
  doi        = {10.1017/CBO9780511662508.003},
  url        = {https://doi-org.gate.lib.buffalo.edu/10.1017/CBO9780511662508.003}
}

@book{MR3525784,
  author    = {Atiyah, M. F. and Macdonald, I. G.},
  title     = {Introduction to commutative algebra},
  series    = {Addison-Wesley Series in Mathematics},
  edition   = {economy},
  note      = {For the 1969 original see [ MR0242802]},
  publisher = {Westview Press, Boulder, CO},
  year      = {2016},
  pages     = {ix+128},
  isbn      = {978-0-8133-5018-9; 0-201-00361-9; 0-201-40751-5},
  mrclass   = {13-01 (13-00)},
  mrnumber  = {3525784}
}

@book{MR2868112,
  author    = {Stanley, Richard P.},
  title     = {Enumerative combinatorics. {V}olume 1},
  series    = {Cambridge Studies in Advanced Mathematics},
  volume    = {49},
  edition   = {Second},
  publisher = {Cambridge University Press, Cambridge},
  year      = {2012},
  pages     = {xiv+626},
  isbn      = {978-1-107-60262-5},
  mrclass   = {05-02 (05A15 06-02)},
  mrnumber  = {2868112}
}

@book{MR2572804,
  author    = {Cormen, Thomas H. and Leiserson, Charles E. and Rivest, Ronald
               L. and Stein, Clifford},
  title     = {Introduction to algorithms},
  edition   = {Third},
  publisher = {MIT Press, Cambridge, MA},
  year      = {2009},
  pages     = {xx+1292},
  isbn      = {978-0-262-03384-8},
  mrclass   = {68-01 (05-01 05C85 68P05 68P10 68Q25 68Wxx)},
  mrnumber  = {2572804}
}

@article{DBLP:journals/pacmpl/ArntzeniusK20,
  author    = {Michael Arntzenius and
               Neel Krishnaswami},
  title     = {Semina{\"{\i}}ve evaluation for a higher-order functional language},
  journal   = {Proc. {ACM} Program. Lang.},
  volume    = {4},
  number    = {{POPL}},
  pages     = {22:1--22:28},
  year      = {2020},
  url       = {https://doi.org/10.1145/3371090},
  doi       = {10.1145/3371090},
  timestamp = {Wed, 17 Feb 2021 08:54:12 +0100},
  biburl    = {https://dblp.org/rec/journals/pacmpl/ArntzeniusK20.bib},
  bibsource = {dblp computer science bibliography, https://dblp.org}
}

@incollection{MR1252194,
  author    = {Cousot, Patrick and Cousot, Radhia},
  title     = {Comparing the {G}alois connection and widening/narrowing
               approaches to abstract interpretation},
  booktitle = {Programming language implementation and logic programming
               ({L}euven, 1992)},
  series    = {Lecture Notes in Comput. Sci.},
  volume    = {631},
  pages     = {269--295},
  publisher = {Springer, Berlin},
  year      = {1992},
  mrclass   = {68Q60},
  mrnumber  = {1252194},
  doi       = {10.1007/3-540-55844-6\_142},
  url       = {https://doi-org.gate.lib.buffalo.edu/10.1007/3-540-55844-6_142}
}

@incollection{MR912710,
  author    = {Kuich, Werner},
  title     = {The {K}leene and the {P}arikh theorem in complete semirings},
  booktitle = {Automata, languages and programming ({K}arlsruhe, 1987)},
  series    = {Lecture Notes in Comput. Sci.},
  volume    = {267},
  pages     = {212--225},
  publisher = {Springer, Berlin},
  year      = {1987},
  mrclass   = {68Q45 (03D05 16A78)},
  mrnumber  = {912710},
  doi       = {10.1007/3-540-18088-5\_17},
  url       = {https://doi-org.gate.lib.buffalo.edu/10.1007/3-540-18088-5_17}
}

@article{MR209093,
  author     = {Parikh, Rohit J.},
  title      = {On context-free languages},
  journal    = {J. Assoc. Comput. Mach.},
  fjournal   = {Journal of the Association for Computing Machinery},
  volume     = {13},
  year       = {1966},
  pages      = {570--581},
  issn       = {0004-5411},
  mrclass    = {94.50},
  mrnumber   = {209093},
  mrreviewer = {E. Shamir},
  doi        = {10.1145/321356.321364},
  url        = {https://doi-org.gate.lib.buffalo.edu/10.1145/321356.321364}
}

@article{MR339568,
  author     = {Pilling, D. L.},
  title      = {Commutative regular equations and {P}arikh's theorem},
  journal    = {J. London Math. Soc. (2)},
  fjournal   = {Journal of the London Mathematical Society. Second Series},
  volume     = {6},
  year       = {1973},
  pages      = {663--666},
  issn       = {0024-6107},
  mrclass    = {68A30},
  mrnumber   = {339568},
  mrreviewer = {R. Parikh},
  doi        = {10.1112/jlms/s2-6.4.663},
  url        = {https://doi-org.gate.lib.buffalo.edu/10.1112/jlms/s2-6.4.663}
}

@article{DBLP:journals/jacm/Tarjan81a,
  author    = {Robert Endre Tarjan},
  title     = {A Unified Approach to Path Problems},
  journal   = {J. {ACM}},
  volume    = {28},
  number    = {3},
  pages     = {577--593},
  year      = {1981},
  url       = {https://doi.org/10.1145/322261.322272},
  doi       = {10.1145/322261.322272},
  timestamp = {Tue, 06 Nov 2018 12:51:46 +0100},
  biburl    = {https://dblp.org/rec/journals/jacm/Tarjan81a.bib},
  bibsource = {dblp computer science bibliography, https://dblp.org}
}

@article{DBLP:journals/jacm/KamU76,
  author    = {John B. Kam and
               Jeffrey D. Ullman},
  title     = {Global Data Flow Analysis and Iterative Algorithms},
  journal   = {J. {ACM}},
  volume    = {23},
  number    = {1},
  pages     = {158--171},
  year      = {1976},
  url       = {https://doi.org/10.1145/321921.321938},
  doi       = {10.1145/321921.321938},
  timestamp = {Wed, 14 Nov 2018 10:35:25 +0100},
  biburl    = {https://dblp.org/rec/journals/jacm/KamU76.bib},
  bibsource = {dblp computer science bibliography, https://dblp.org}
}

@article{DBLP:journals/cacm/Floyd62a,
  author    = {Robert W. Floyd},
  title     = {Algorithm 97: Shortest path},
  journal   = {Commun. {ACM}},
  volume    = {5},
  number    = {6},
  pages     = {345},
  year      = {1962},
  url       = {https://doi.org/10.1145/367766.368168},
  doi       = {10.1145/367766.368168},
  timestamp = {Wed, 14 Nov 2018 10:22:35 +0100},
  biburl    = {https://dblp.org/rec/journals/cacm/Floyd62a.bib},
  bibsource = {dblp computer science bibliography, https://dblp.org}
}

@incollection{MR0077478,
  author     = {Kleene, S. C.},
  title      = {Representation of events in nerve nets and finite automata},
  booktitle  = {Automata studies},
  series     = {Annals of mathematics studies, no. 34},
  pages      = {3--41},
  publisher  = {Princeton University Press, Princeton, N. J.},
  year       = {1956},
  mrclass    = {02.0X},
  mrnumber   = {0077478},
  mrreviewer = {C. Y. Lee}
}

@article{DBLP:journals/jacm/Warshall62,
  author    = {Stephen Warshall},
  title     = {A Theorem on Boolean Matrices},
  journal   = {J. {ACM}},
  volume    = {9},
  number    = {1},
  pages     = {11--12},
  year      = {1962},
  url       = {https://doi.org/10.1145/321105.321107},
  doi       = {10.1145/321105.321107},
  timestamp = {Wed, 14 Nov 2018 10:35:25 +0100},
  biburl    = {https://dblp.org/rec/journals/jacm/Warshall62.bib},
  bibsource = {dblp computer science bibliography, https://dblp.org}
}

@misc{tarjan1,
  title     = {Graph theory and Gaussian elimination},
  author    = {Robert E. Tarjan},
  year      = {1976},
  booktitle = {Sparse Matrix Computations},
  note      = {J.R. Bunch and D.J. Rose, eds},
  publisher = {Academic Press},
  address   = {New York},
  pages     = {3--22}
}

@article{MR371724,
  author     = {Gondran, M.},
  title      = {Alg\`ebre lin\'{e}aire et cheminement dans un graphe},
  journal    = {Rev. Fran\c{c}aise Automat. Informat. Recherche Op\'{e}rationnelle
                S\'{e}r. Verte},
  fjournal   = {Revue Fran\c{c}aise d'Automatique, Informatique et Recherche
                Op\'{e}rationnelle S\'{e}rie Verte},
  volume     = {9},
  year       = {1975},
  number     = {{\rm V}-1},
  pages      = {77--99},
  issn       = {0376-2165},
  mrclass    = {05C35 (90C35)},
  mrnumber   = {371724},
  mrreviewer = {Michel Chein}
}

@article{MR427338,
  author     = {Backhouse, R. C. and Carr\'{e}, B. A.},
  title      = {Regular algebra applied to path-finding problems},
  journal    = {J. Inst. Math. Appl.},
  fjournal   = {Journal of the Institute of Mathematics and its Applications},
  volume     = {15},
  year       = {1975},
  pages      = {161--186},
  issn       = {0020-2932},
  mrclass    = {15A30 (68A10)},
  mrnumber   = {427338},
  mrreviewer = {Claude Benzaken}
}

@article{MR609751,
  author     = {Zimmermann, U.},
  title      = {Linear and combinatorial optimization in ordered algebraic
                structures},
  journal    = {Ann. Discrete Math.},
  fjournal   = {Annals of Discrete Mathematics},
  volume     = {10},
  year       = {1981},
  pages      = {viii+380},
  mrclass    = {90Cxx},
  mrnumber   = {609751},
  mrreviewer = {E. Gabowitsch}
}

@article{MR584516,
  author     = {Lipton, Richard J. and Tarjan, Robert Endre},
  title      = {Applications of a planar separator theorem},
  journal    = {SIAM J. Comput.},
  fjournal   = {SIAM Journal on Computing},
  volume     = {9},
  year       = {1980},
  number     = {3},
  pages      = {615--627},
  issn       = {0097-5397},
  mrclass    = {68E10 (05C10 05C70 68C25)},
  mrnumber   = {584516},
  mrreviewer = {Eberhard L\"{u}dde},
  doi        = {10.1137/0209046},
  url        = {https://doi-org.gate.lib.buffalo.edu/10.1137/0209046}
}

@article{MR526496,
  author     = {Lipton, Richard J. and Rose, Donald J. and Tarjan, Robert
                Endre},
  title      = {Generalized nested dissection},
  journal    = {SIAM J. Numer. Anal.},
  fjournal   = {SIAM Journal on Numerical Analysis},
  volume     = {16},
  year       = {1979},
  number     = {2},
  pages      = {346--358},
  issn       = {0036-1429},
  mrclass    = {65F05},
  mrnumber   = {526496},
  mrreviewer = {Petr Liebl},
  doi        = {10.1137/0716027},
  url        = {https://doi-org.gate.lib.buffalo.edu/10.1137/0716027}
}

@book{MR556411,
  author     = {Carr\'{e}, Bernard},
  title      = {Graphs and networks},
  note       = {Oxford Applied Mathematics and Computing Science Series},
  publisher  = {The Clarendon Press, Oxford University Press, New York},
  year       = {1979},
  pages      = {xvi+277},
  isbn       = {0-19-859615-4; 0-19-859622-7},
  mrclass    = {05-01 (05Cxx 68E10 90B10)},
  mrnumber   = {556411},
  mrreviewer = {M. M. Sys\l o}
}

@inproceedings{DBLP:conf/icdt/GrecoSZ95,
  author    = {Sergio Greco and
               Domenico Sacc{\`{a}} and
               Carlo Zaniolo},
  editor    = {Georg Gottlob and
               Moshe Y. Vardi},
  title     = {{DATALOG} Queries with Stratified Negation and Choice: from {P} to
               D\({}^{\mbox{P}}\)},
  booktitle = {Database Theory - ICDT'95, 5th International Conference, Prague, Czech
               Republic, January 11-13, 1995, Proceedings},
  series    = {Lecture Notes in Computer Science},
  volume    = {893},
  pages     = {82--96},
  publisher = {Springer},
  year      = {1995},
  url       = {https://doi.org/10.1007/3-540-58907-4\_8},
  doi       = {10.1007/3-540-58907-4\_8},
  timestamp = {Tue, 14 May 2019 10:00:54 +0200},
  biburl    = {https://dblp.org/rec/conf/icdt/GrecoSZ95.bib},
  bibsource = {dblp computer science bibliography, https://dblp.org}
}

@inproceedings{DBLP:conf/pods/GrecoZG92,
  author    = {Sergio Greco and
               Carlo Zaniolo and
               Sumit Ganguly},
  editor    = {Moshe Y. Vardi and
               Paris C. Kanellakis},
  title     = {Greedy by Choice},
  booktitle = {Proceedings of the Eleventh {ACM} {SIGACT-SIGMOD-SIGART} Symposium
               on Principles of Database Systems, June 2-4, 1992, San Diego, California,
               {USA}},
  pages     = {105--113},
  publisher = {{ACM} Press},
  year      = {1992},
  url       = {https://doi.org/10.1145/137097.137836},
  doi       = {10.1145/137097.137836},
  timestamp = {Tue, 06 Nov 2018 16:58:02 +0100},
  biburl    = {https://dblp.org/rec/conf/pods/GrecoZG92.bib},
  bibsource = {dblp computer science bibliography, https://dblp.org}
}

@article{MR1842100,
  author   = {Greco, Sergio and Zaniolo, Carlo},
  title    = {Greedy algorithms in {D}atalog},
  journal  = {Theory Pract. Log. Program.},
  fjournal = {Theory and Practice of Logic Programming},
  volume   = {1},
  year     = {2001},
  number   = {4},
  pages    = {381--407},
  issn     = {1471-0684},
  mrclass  = {68N17},
  mrnumber = {1842100},
  doi      = {10.1017/S1471068401001090},
  url      = {https://doi-org.gate.lib.buffalo.edu/10.1017/S1471068401001090}
}

@article{MR1957695,
  author     = {Mohri, Mehryar},
  title      = {Semiring frameworks and algorithms for shortest-distance
                problems},
  journal    = {J. Autom. Lang. Comb.},
  fjournal   = {Journal of Automata, Languages and Combinatorics},
  volume     = {7},
  year       = {2002},
  number     = {3},
  pages      = {321--350},
  issn       = {1430-189X},
  mrclass    = {68W05 (05C85 16Y60 68R10)},
  mrnumber   = {1957695},
  mrreviewer = {Viorel Mihai Gontineac}
}

@article{Freeman1977Set,
  author    = {Freeman, Linton C.},
  issn      = {00380431},
  journal   = {Sociometry},
  keywords  = {networks betweenness},
  month     = mar,
  number    = 1,
  pages     = {35--41},
  publisher = {American Sociological Association},
  title     = {{A Set of Measures of Centrality Based on Betweenness}},
  url       = {http://dx.doi.org/10.2307/3033543},
  volume    = 40,
  year      = 1977
}

@incollection{MR1059930,
  author     = {Rote, G\"{u}nter},
  title      = {Path problems in graphs},
  booktitle  = {Computational graph theory},
  series     = {Comput. Suppl.},
  volume     = {7},
  pages      = {155--189},
  publisher  = {Springer, Vienna},
  year       = {1990},
  mrclass    = {05C38 (05C85 68R10 90B10)},
  mrnumber   = {1059930},
  mrreviewer = {Miros\l aw Truszczy\'{n}ski},
  doi        = {10.1007/978-3-7091-9076-0\_9},
  url        = {https://doi-org.gate.lib.buffalo.edu/10.1007/978-3-7091-9076-0_9}
}

@inproceedings{DBLP:conf/lics/HopkinsK99,
  author    = {Mark W. Hopkins and
               Dexter Kozen},
  title     = {Parikh's Theorem in Commutative Kleene Algebra},
  booktitle = {14th Annual {IEEE} Symposium on Logic in Computer Science, Trento,
               Italy, July 2-5, 1999},
  pages     = {394--401},
  publisher = {{IEEE} Computer Society},
  year      = {1999},
  url       = {https://doi.org/10.1109/LICS.1999.782634},
  doi       = {10.1109/LICS.1999.782634},
  timestamp = {Wed, 16 Oct 2019 14:14:54 +0200},
  biburl    = {https://dblp.org/rec/conf/lics/HopkinsK99.bib},
  bibsource = {dblp computer science bibliography, https://dblp.org}
}

@book{MR1728440,
  author     = {Nielson, Flemming and Nielson, Hanne Riis and Hankin, Chris},
  title      = {Principles of program analysis},
  publisher  = {Springer-Verlag, Berlin},
  year       = {1999},
  pages      = {xxii+450},
  isbn       = {3-540-65410-0},
  mrclass    = {68-01 (68N15 68N20 68N30 68Q55 68Q60)},
  mrnumber   = {1728440},
  mrreviewer = {Roberto Giacobazzi},
  doi        = {10.1007/978-3-662-03811-6},
  url        = {https://doi-org.gate.lib.buffalo.edu/10.1007/978-3-662-03811-6}
}

@incollection{MR1470001,
  author     = {Kuich, Werner},
  title      = {Semirings and formal power series: their relevance to formal
                languages and automata},
  booktitle  = {Handbook of formal languages, {V}ol. 1},
  pages      = {609--677},
  publisher  = {Springer, Berlin},
  year       = {1997},
  mrclass    = {68Q45 (03D05 16Y60 68Q70)},
  mrnumber   = {1470001},
  mrreviewer = {Heinrich Seidel}
}

@inproceedings{DBLP:conf/uai/ShenoyS88,
  author    = {Prakash P. Shenoy and
               Glenn Shafer},
  editor    = {Ross D. Shachter and
               Tod S. Levitt and
               Laveen N. Kanal and
               John F. Lemmer},
  title     = {Axioms for probability and belief-function proagation},
  booktitle = {{UAI} '88: Proceedings of the Fourth Annual Conference on Uncertainty
               in Artificial Intelligence, Minneapolis, MN, USA, July 10-12, 1988},
  pages     = {169--198},
  publisher = {North-Holland},
  year      = {1988},
  timestamp = {Sun, 22 Nov 2020 17:08:46 +0100},
  biburl    = {https://dblp.org/rec/conf/uai/ShenoyS88.bib},
  bibsource = {dblp computer science bibliography, https://dblp.org}
}

@inproceedings{DBLP:conf/pods/KhamisNR16,
  author    = {Mahmoud {Abo Khamis} and
               Hung Q. Ngo and
               Atri Rudra},
  editor    = {Tova Milo and
               Wang{-}Chiew Tan},
  title     = {{FAQ:} Questions Asked Frequently},
  booktitle = {Proceedings of the 35th {ACM} {SIGMOD-SIGACT-SIGAI} Symposium on Principles
               of Database Systems, {PODS} 2016, San Francisco, CA, USA, June 26
               - July 01, 2016},
  pages     = {13--28},
  publisher = {{ACM}},
  year      = {2016},
  url       = {https://doi.org/10.1145/2902251.2902280},
  doi       = {10.1145/2902251.2902280},
  timestamp = {Tue, 06 Nov 2018 16:58:02 +0100},
  biburl    = {https://dblp.org/rec/conf/pods/KhamisNR16.bib},
  bibsource = {dblp computer science bibliography, https://dblp.org}
}

@article{DBLP:journals/tit/AjiM00,
  author    = {Srinivas M. Aji and
               Robert J. McEliece},
  title     = {The generalized distributive law},
  journal   = {{IEEE} Trans. Inf. Theory},
  volume    = {46},
  number    = {2},
  pages     = {325--343},
  year      = {2000},
  url       = {https://doi.org/10.1109/18.825794},
  doi       = {10.1109/18.825794},
  timestamp = {Tue, 10 Mar 2020 10:43:54 +0100},
  biburl    = {https://dblp.org/rec/journals/tit/AjiM00.bib},
  bibsource = {dblp computer science bibliography, https://dblp.org}
}

@article{DBLP:journals/constraints/Dechter97,
  author    = {Rina Dechter},
  title     = {Bucket Elimination: a Unifying Framework for Processing Hard and Soft
               Constraints},
  journal   = {Constraints An Int. J.},
  volume    = {2},
  number    = {1},
  pages     = {51--55},
  year      = {1997},
  url       = {https://doi.org/10.1023/A:1009796922698},
  doi       = {10.1023/A:1009796922698},
  timestamp = {Fri, 13 Mar 2020 10:58:24 +0100},
  biburl    = {https://dblp.org/rec/journals/constraints/Dechter97.bib},
  bibsource = {dblp computer science bibliography, https://dblp.org}
}

@misc{liu2020recursive,
  title         = {Recursive Rules with Aggregation: A Simple Unified Semantics},
  author        = {Yanhong A. Liu and Scott D. Stoller},
  year          = {2020},
  eprint        = {2007.13053},
  archiveprefix = {arXiv},
  primaryclass  = {cs.DB}
}

@inproceedings{ferraris:nmr10ws,
  title     = {On the Stable Model Semantics of First-Order Formulas with Aggregates},
  author    = {Paolo Ferraris and Vladimir Lifschitz},
  booktitle = {Proceedings of the 2010 Workshop on Nonmonotonic Reasoning},
  url       = {http://www.cs.utexas.edu/users/ai-lab?ferraris:nmr10ws},
  year      = {2010}
}

@article{DBLP:journals/jlp/Fitting93,
  author    = {Melvin Fitting},
  title     = {The Family of Stable Models},
  journal   = {J. Log. Program.},
  volume    = {17},
  number    = {2/3{\&}4},
  pages     = {197--225},
  year      = {1993},
  url       = {https://doi.org/10.1016/0743-1066(93)90031-B},
  doi       = {10.1016/0743-1066(93)90031-B},
  timestamp = {Sun, 28 May 2017 13:17:34 +0200},
  biburl    = {https://dblp.org/rec/journals/jlp/Fitting93.bib},
  bibsource = {dblp computer science bibliography, https://dblp.org}
}

@article{DBLP:journals/tplp/ZanioloYDSCI17,
  author    = {Carlo Zaniolo and
               Mohan Yang and
               Ariyam Das and
               Alexander Shkapsky and
               Tyson Condie and
               Matteo Interlandi},
  title     = {Fixpoint semantics and optimization of recursive Datalog programs
               with aggregates},
  journal   = {Theory Pract. Log. Program.},
  volume    = {17},
  number    = {5-6},
  pages     = {1048--1065},
  year      = {2017},
  url       = {https://doi.org/10.1017/S1471068417000436},
  doi       = {10.1017/S1471068417000436},
  timestamp = {Thu, 13 Feb 2020 14:39:35 +0100},
  biburl    = {https://dblp.org/rec/journals/tplp/ZanioloYDSCI17.bib},
  bibsource = {dblp computer science bibliography, https://dblp.org}
}
@article{DBLP:journals/constraints/GrecoS13,
  author    = {Gianluigi Greco and
               Francesco Scarcello},
  title     = {Structural tractability of enumerating {CSP} solutions},
  journal   = {Constraints},
  volume    = {18},
  number    = {1},
  pages     = {38--74},
  year      = {2013},
  url       = {https://doi.org/10.1007/s10601-012-9129-8},
  doi       = {10.1007/s10601-012-9129-8},
  timestamp = {Mon, 05 Jun 2017 20:49:22 +0200},
  biburl    = {http://dblp.uni-trier.de/rec/bib/journals/constraints/GrecoS13},
  bibsource = {dblp computer science bibliography, http://dblp.org}
}
@article{DBLP:journals/jcss/BulatovDGM12,
  author    = {Andrei A. Bulatov and
               V{\'{\i}}ctor Dalmau and
               Martin Grohe and
               D{\'{a}}niel Marx},
  title     = {Enumerating homomorphisms},
  journal   = {J. Comput. Syst. Sci.},
  volume    = {78},
  number    = {2},
  pages     = {638--650},
  year      = {2012},
  url       = {https://doi.org/10.1016/j.jcss.2011.09.006},
  doi       = {10.1016/j.jcss.2011.09.006},
  timestamp = {Tue, 06 Jun 2017 22:27:37 +0200},
  biburl    = {http://dblp.uni-trier.de/rec/bib/journals/jcss/BulatovDGM12},
  bibsource = {dblp computer science bibliography, http://dblp.org}
}
@inproceedings{DBLP:conf/pods/BerkholzKS17,
  author    = {Christoph Berkholz and
               Jens Keppeler and
               Nicole Schweikardt},
  title     = {Answering Conjunctive Queries under Updates},
  booktitle = {Proceedings of the 36th {ACM} {SIGMOD-SIGACT-SIGAI} Symposium on Principles
               of Database Systems, {PODS} 2017, Chicago, IL, USA, May 14-19, 2017},
  pages     = {303--318},
  year      = {2017},
  crossref  = {DBLP:conf/pods/2017},
  url       = {http://doi.acm.org/10.1145/3034786.3034789},
  doi       = {10.1145/3034786.3034789},
  timestamp = {Wed, 10 May 2017 22:16:36 +0200},
  biburl    = {http://dblp.uni-trier.de/rec/bib/conf/pods/BerkholzKS17},
  bibsource = {dblp computer science bibliography, http://dblp.org}
}
@proceedings{DBLP:conf/pods/2017,
  editor    = {Emanuel Sallinger and
               Jan Van den Bussche and
               Floris Geerts},
  title     = {Proceedings of the 36th {ACM} {SIGMOD-SIGACT-SIGAI} Symposium on Principles
               of Database Systems, {PODS} 2017, Chicago, IL, USA, May 14-19, 2017},
  publisher = {{ACM}},
  year      = {2017},
  url       = {http://dl.acm.org/citation.cfm?id=3034786},
  isbn      = {978-1-4503-4198-1},
  timestamp = {Wed, 10 May 2017 22:15:48 +0200},
  biburl    = {http://dblp.uni-trier.de/rec/bib/conf/pods/2017},
  bibsource = {dblp computer science bibliography, http://dblp.org}
}

@inproceedings{DBLP:conf/pods/GreenKT07,
  author    = {Todd J. Green and
               Gregory Karvounarakis and
               Val Tannen},
  editor    = {Leonid Libkin},
  title     = {Provenance semirings},
  booktitle = {Proceedings of the Twenty-Sixth {ACM} {SIGACT-SIGMOD-SIGART} Symposium
               on Principles of Database Systems, June 11-13, 2007, Beijing, China},
  pages     = {31--40},
  publisher = {{ACM}},
  year      = {2007},
  url       = {https://doi.org/10.1145/1265530.1265535},
  doi       = {10.1145/1265530.1265535},
  timestamp = {Wed, 28 Nov 2018 12:57:15 +0100},
  biburl    = {https://dblp.org/rec/conf/pods/GreenKT07.bib},
  bibsource = {dblp computer science bibliography, https://dblp.org}
}

@article{DBLP:journals/pvldb/WangHSHL20,
  author    = {Yisu Remy Wang and
               Shana Hutchison and
               Dan Suciu and
               Bill Howe and
               Jonathan Leang},
  title     = {{SPORES:} Sum-Product Optimization via Relational Equality Saturation
               for Large Scale Linear Algebra},
  journal   = {Proc. {VLDB} Endow.},
  volume    = {13},
  number    = {11},
  pages     = {1919--1932},
  year      = {2020},
  url       = {http://www.vldb.org/pvldb/vol13/p1919-wang.pdf},
  timestamp = {Mon, 17 Aug 2020 18:32:39 +0200},
  biburl    = {https://dblp.org/rec/journals/pvldb/WangHSHL20.bib},
  bibsource = {dblp computer science bibliography, https://dblp.org}
}

@book{DBLP:books/aw/AbiteboulHV95,
  author    = {Serge Abiteboul and
               Richard Hull and
               Victor Vianu},
  title     = {Foundations of Databases},
  publisher = {Addison-Wesley},
  year      = {1995},
  url       = {http://webdam.inria.fr/Alice/},
  isbn      = {0-201-53771-0},
  timestamp = {Sat, 11 Nov 2017 21:53:30 +0100},
  biburl    = {https://dblp.org/rec/books/aw/AbiteboulHV95.bib},
  bibsource = {dblp computer science bibliography, https://dblp.org}
}

@incollection{DBLP:books/el/leeuwen90/GunterS90,
  author    = {Carl A. Gunter and
               Dana S. Scott},
  editor    = {Jan van Leeuwen},
  title     = {Semantic Domains},
  booktitle = {Handbook of Theoretical Computer Science, Volume {B:} Formal Models
               and Semantics},
  pages     = {633--674},
  publisher = {Elsevier and {MIT} Press},
  year      = {1990},
  url       = {https://doi.org/10.1016/b978-0-444-88074-1.50017-2},
  doi       = {10.1016/b978-0-444-88074-1.50017-2},
  timestamp = {Tue, 06 Aug 2019 09:45:21 +0200},
  biburl    = {https://dblp.org/rec/books/el/leeuwen90/GunterS90.bib},
  bibsource = {dblp computer science bibliography, https://dblp.org}
}

@article{DBLP:journals/cacm/ZahariaXWDADMRV16,
  author    = {Matei Zaharia and
               Reynold S. Xin and
               Patrick Wendell and
               Tathagata Das and
               Michael Armbrust and
               Ankur Dave and
               Xiangrui Meng and
               Josh Rosen and
               Shivaram Venkataraman and
               Michael J. Franklin and
               Ali Ghodsi and
               Joseph Gonzalez and
               Scott Shenker and
               Ion Stoica},
  title     = {Apache Spark: a unified engine for big data processing},
  journal   = {Commun. {ACM}},
  volume    = {59},
  number    = {11},
  pages     = {56--65},
  year      = {2016},
  url       = {http://doi.acm.org/10.1145/2934664},
  doi       = {10.1145/2934664},
  timestamp = {Thu, 30 Apr 2020 14:45:00 +0200},
  biburl    = {https://dblp.org/rec/journals/cacm/ZahariaXWDADMRV16.bib},
  bibsource = {dblp computer science bibliography, https://dblp.org}
}

@inproceedings{DBLP:conf/osdi/AbadiBCCDDDGIIK16,
  author    = {Mart{\'{\i}}n Abadi and
               Paul Barham and
               Jianmin Chen and
               Zhifeng Chen and
               Andy Davis and
               Jeffrey Dean and
               Matthieu Devin and
               Sanjay Ghemawat and
               Geoffrey Irving and
               Michael Isard and
               Manjunath Kudlur and
               Josh Levenberg and
               Rajat Monga and
               Sherry Moore and
               Derek Gordon Murray and
               Benoit Steiner and
               Paul A. Tucker and
               Vijay Vasudevan and
               Pete Warden and
               Martin Wicke and
               Yuan Yu and
               Xiaoqiang Zheng},
  editor    = {Kimberly Keeton and
               Timothy Roscoe},
  title     = {TensorFlow: {A} System for Large-Scale Machine Learning},
  booktitle = {12th {USENIX} Symposium on Operating Systems Design and Implementation,
               {OSDI} 2016, Savannah, GA, USA, November 2-4, 2016},
  pages     = {265--283},
  publisher = {{USENIX} Association},
  year      = {2016},
  url       = {https://www.usenix.org/conference/osdi16/technical-sessions/presentation/abadi},
  timestamp = {Tue, 29 Jan 2019 17:35:36 +0100},
  biburl    = {https://dblp.org/rec/conf/osdi/AbadiBCCDDDGIIK16.bib},
  bibsource = {dblp computer science bibliography, https://dblp.org}
}

@inproceedings{DBLP:conf/pods/BancilhonMSU86,
  author    = {Fran{\c{c}}ois Bancilhon and
               David Maier and
               Yehoshua Sagiv and
               Jeffrey D. Ullman},
  editor    = {Avi Silberschatz},
  title     = {Magic Sets and Other Strange Ways to Implement Logic Programs},
  booktitle = {Proceedings of the Fifth {ACM} {SIGACT-SIGMOD} Symposium on Principles
               of Database Systems, March 24-26, 1986, Cambridge, Massachusetts,
               {USA}},
  pages     = {1--15},
  publisher = {{ACM}},
  year      = {1986},
  url       = {https://doi.org/10.1145/6012.15399},
  doi       = {10.1145/6012.15399},
  timestamp = {Tue, 06 Nov 2018 16:58:02 +0100},
  biburl    = {https://dblp.org/rec/conf/pods/BancilhonMSU86.bib},
  bibsource = {dblp computer science bibliography, https://dblp.org}
}

@inproceedings{DBLP:conf/sigmod/BancilhonR86,
  author    = {Fran{\c{c}}ois Bancilhon and
               Raghu Ramakrishnan},
  editor    = {Carlo Zaniolo},
  title     = {An Amateur's Introduction to Recursive Query Processing Strategies},
  booktitle = {Proceedings of the 1986 {ACM} {SIGMOD} International Conference on
               Management of Data, Washington, DC, USA, May 28-30, 1986},
  pages     = {16--52},
  publisher = {{ACM} Press},
  year      = {1986},
  url       = {https://doi.org/10.1145/16894.16859},
  doi       = {10.1145/16894.16859},
  timestamp = {Tue, 06 Nov 2018 11:07:37 +0100},
  biburl    = {https://dblp.org/rec/conf/sigmod/BancilhonR86.bib},
  bibsource = {dblp computer science bibliography, https://dblp.org}
}

@inproceedings{DBLP:conf/cidr/McSherryMII13,
  author    = {Frank McSherry and
               Derek Gordon Murray and
               Rebecca Isaacs and
               Michael Isard},
  title     = {Differential Dataflow},
  booktitle = {{CIDR} 2013, Sixth Biennial Conference on Innovative Data Systems
               Research, Asilomar, CA, USA, January 6-9, 2013, Online Proceedings},
  publisher = {www.cidrdb.org},
  year      = {2013},
  url       = {http://cidrdb.org/cidr2013/Papers/CIDR13\_Paper111.pdf},
  timestamp = {Thu, 12 Mar 2020 11:32:39 +0100},
  biburl    = {https://dblp.org/rec/conf/cidr/McSherryMII13.bib},
  bibsource = {dblp computer science bibliography, https://dblp.org}
}

@inproceedings{DBLP:conf/cav/JordanSS16,
  author    = {Herbert Jordan and
               Bernhard Scholz and
               Pavle Subotic},
  editor    = {Swarat Chaudhuri and
               Azadeh Farzan},
  title     = {Souffl{\'{e}}: On Synthesis of Program Analyzers},
  booktitle = {Computer Aided Verification - 28th International Conference, {CAV}
               2016, Toronto, ON, Canada, July 17-23, 2016, Proceedings, Part {II}},
  series    = {Lecture Notes in Computer Science},
  volume    = {9780},
  pages     = {422--430},
  publisher = {Springer},
  year      = {2016},
  url       = {https://doi.org/10.1007/978-3-319-41540-6\_23},
  doi       = {10.1007/978-3-319-41540-6\_23},
  timestamp = {Tue, 14 May 2019 10:00:43 +0200},
  biburl    = {https://dblp.org/rec/conf/cav/JordanSS16.bib},
  bibsource = {dblp computer science bibliography, https://dblp.org}
}

@incollection{DBLP:reference/hfl/Kuich97,
  author    = {Werner Kuich},
  editor    = {Grzegorz Rozenberg and
               Arto Salomaa},
  title     = {Semirings and Formal Power Series: Their Relevance to Formal Languages
               and Automata},
  booktitle = {Handbook of Formal Languages, Volume 1: Word, Language, Grammar},
  pages     = {609--677},
  publisher = {Springer},
  year      = {1997},
  url       = {https://doi.org/10.1007/978-3-642-59136-5\_9},
  doi       = {10.1007/978-3-642-59136-5\_9},
  timestamp = {Sat, 30 May 2020 20:02:22 +0200},
  biburl    = {https://dblp.org/rec/reference/hfl/Kuich97.bib},
  bibsource = {dblp computer science bibliography, https://dblp.org}
}

@article{DBLP:journals/vldb/Halevy01,
  author    = {Alon Y. Halevy},
  title     = {Answering queries using views: {A} survey},
  journal   = {{VLDB} J.},
  volume    = {10},
  number    = {4},
  pages     = {270--294},
  year      = {2001},
  url       = {https://doi.org/10.1007/s007780100054},
  doi       = {10.1007/s007780100054},
  timestamp = {Wed, 14 Nov 2018 10:27:40 +0100},
  biburl    = {https://dblp.org/rec/journals/vldb/Halevy01.bib},
  bibsource = {dblp computer science bibliography, https://dblp.org}
}


@inproceedings{DBLP:conf/icdt/Green09,
  author    = {Todd J. Green},
  editor    = {Ronald Fagin},
  title     = {Containment of conjunctive queries on annotated relations},
  booktitle = {Database Theory - {ICDT} 2009, 12th International Conference, St.
               Petersburg, Russia, March 23-25, 2009, Proceedings},
  series    = {{ACM} International Conference Proceeding Series},
  volume    = {361},
  pages     = {296--309},
  publisher = {{ACM}},
  year      = {2009},
  url       = {https://doi.org/10.1145/1514894.1514930},
  doi       = {10.1145/1514894.1514930},
  timestamp = {Tue, 06 Nov 2018 16:59:26 +0100},
  biburl    = {https://dblp.org/rec/conf/icdt/Green09.bib},
  bibsource = {dblp computer science bibliography, https://dblp.org}
}

@misc{einsum:rocktaschel,
  author       = {Tim Rockt\"aschel},
  title        = {Einsum is all you need - {Einstein} summation in deep learning},
  howpublished = {\url{https://rockt.github.io/2018/04/30/einsum}}
}


@book{maclane:71,
  added-at   = {2009-09-18T21:22:09.000+0200},
  address    = {New York},
  author     = {MacLane, Saunders},
  biburl     = {https://www.bibsonomy.org/bibtex/29e8ca8b4bf357cc41e40e98cca25cb8c/minas},
  interhash  = {51566d046db4c3ea930c2b5ca79173f1},
  intrahash  = {9e8ca8b4bf357cc41e40e98cca25cb8c},
  keywords   = {CategoryTheory},
  mrclass    = {18-02},
  mrnumber   = {MR0354798 (50 \#7275)},
  mrreviewer = {H.-B. Brinkmann},
  note       = {Graduate Texts in Mathematics, Vol. 5},
  pages      = {ix+262},
  publisher  = {Springer-Verlag},
  timestamp  = {2009-09-18T21:22:09.000+0200},
  title      = {Categories for the Working Mathematician},
  year       = 1971
}

@book{semiring_book,
  author     = {Gondran, Michel and Minoux, Michel},
  title      = {Graphs, dioids and semirings},
  series     = {Operations Research/Computer Science Interfaces Series},
  volume     = {41},
  note       = {New models and algorithms},
  publisher  = {Springer, New York},
  year       = {2008},
  pages      = {xx+383},
  isbn       = {978-0-387-75449-9},
  mrclass    = {16Y60 (05C25)},
  mrnumber   = {2389137},
  mrreviewer = {Udo Hebisch}
}

@inproceedings{DBLP:conf/icfp/ArntzeniusK16,
  author    = {Michael Arntzenius and
               Neelakantan R. Krishnaswami},
  editor    = {Jacques Garrigue and
               Gabriele Keller and
               Eijiro Sumii},
  title     = {Datafun: a functional Datalog},
  booktitle = {Proceedings of the 21st {ACM} {SIGPLAN} International Conference on
               Functional Programming, {ICFP} 2016, Nara, Japan, September 18-22,
               2016},
  pages     = {214--227},
  publisher = {{ACM}},
  year      = {2016},
  url       = {https://doi.org/10.1145/2951913.2951948},
  doi       = {10.1145/2951913.2951948},
  timestamp = {Tue, 06 Nov 2018 16:59:25 +0100},
  biburl    = {https://dblp.org/rec/conf/icfp/ArntzeniusK16.bib},
  bibsource = {dblp computer science bibliography, https://dblp.org}
}


@article{DBLP:journals/pvldb/WangBH15,
  author    = {Jingjing Wang and
               Magdalena Balazinska and
               Daniel Halperin},
  title     = {Asynchronous and Fault-Tolerant Recursive Datalog Evaluation in Shared-Nothing
               Engines},
  journal   = {Proc. {VLDB} Endow.},
  volume    = {8},
  number    = {12},
  pages     = {1542--1553},
  year      = {2015},
  url       = {http://www.vldb.org/pvldb/vol8/p1542-wang.pdf},
  doi       = {10.14778/2824032.2824052},
  timestamp = {Sat, 25 Apr 2020 13:59:29 +0200},
  biburl    = {https://dblp.org/rec/journals/pvldb/WangBH15.bib},
  bibsource = {dblp computer science bibliography, https://dblp.org}
}

@article{DBLP:journals/vldb/MazuranSZ13,
  author    = {Mirjana Mazuran and Edoardo Serra and Carlo Zaniolo},
  title     = {Extending the power of datalog recursion},
  year      = 2013,
  volume    = 22,
  number    = 4,
  pages     = {471-493},
  doi       = {10.1007/s00778-012-0299-1},
  url       = {https://doi.org/10.1007/s00778-012-0299-1},
  journal   = {{VLDB} J.},
  timestamp = {Sat, 05 Sep 2020 17:47:52 +0200},
  biburl    = {https://dblp.org/rec/journals/vldb/MazuranSZ13.bib},
  bibsource = {dblp computer science bibliography, https://dblp.org}
}

@inproceedings{DBLP:conf/amw/ZanioloYIDSC18,
  author    = {Carlo Zaniolo and Mohan Yang and Matteo Interlandi and
               Ariyam Das and Alexander Shkapsky and Tyson Condie},
  title     = {Declarative BigData Algorithms via Aggregates and
               Relational Database Dependencies},
  year      = 2018,
  booktitle = {Proceedings of the 12th Alberto Mendelzon International
               Workshop on Foundations of Data Management, Cali, Colombia,
               May 21-25, 2018},
  url       = {http://ceur-ws.org/Vol-2100/paper2.pdf},
  crossref  = {DBLP:conf/amw/2018},
  timestamp = {Wed, 12 Feb 2020 16:44:56 +0100},
  biburl    = {https://dblp.org/rec/conf/amw/ZanioloYIDSC18.bib},
  bibsource = {dblp computer science bibliography, https://dblp.org}
}

@proceedings{DBLP:conf/amw/2018,
  editor    = {Dan Olteanu and
               Barbara Poblete},
  title     = {Proceedings of the 12th Alberto Mendelzon International Workshop on
               Foundations of Data Management, Cali, Colombia, May 21-25, 2018},
  series    = {{CEUR} Workshop Proceedings},
  volume    = {2100},
  publisher = {CEUR-WS.org},
  year      = {2018},
  url       = {http://ceur-ws.org/Vol-2100},
  urn       = {urn:nbn:de:0074-2100-6},
  timestamp = {Tue, 26 Jan 2021 18:41:15 +0100},
  biburl    = {https://dblp.org/rec/conf/amw/2018.bib},
  bibsource = {dblp computer science bibliography, https://dblp.org}
}

@inproceedings{DBLP:conf/sigmod/0001WMSYDZ19,
  author    = {Jiaqi Gu and Yugo H. Watanabe and William A. Mazza and
               Alexander Shkapsky and Mohan Yang and Ling Ding and Carlo
               Zaniolo},
  title     = {RaSQL: Greater Power and Performance for Big Data Analytics
               with Recursive-aggregate-SQL on Spark},
  year      = 2019,
  booktitle = {Proceedings of the 2019 International Conference on
               Management of Data, {SIGMOD} Conference 2019, Amsterdam, The
               Netherlands, June 30 - July 5, 2019},
  pages     = {467-484},
  doi       = {10.1145/3299869.3324959},
  url       = {https://doi.org/10.1145/3299869.3324959},
  crossref  = {DBLP:conf/sigmod/2019},
  timestamp = {Sat, 22 Jun 2019 17:10:04 +0200},
  biburl    = {https://dblp.org/rec/conf/sigmod/0001WMSYDZ19.bib},
  bibsource = {dblp computer science bibliography, https://dblp.org}
}

@proceedings{DBLP:conf/sigmod/2019,
  editor    = {Peter A. Boncz and
               Stefan Manegold and
               Anastasia Ailamaki and
               Amol Deshpande and
               Tim Kraska},
  title     = {Proceedings of the 2019 International Conference on Management of
               Data, {SIGMOD} Conference 2019, Amsterdam, The Netherlands, June 30
               - July 5, 2019},
  publisher = {{ACM}},
  year      = {2019},
  url       = {https://doi.org/10.1145/3299869},
  doi       = {10.1145/3299869},
  isbn      = {978-1-4503-5643-5},
  timestamp = {Tue, 26 Jan 2021 18:42:52 +0100},
  biburl    = {https://dblp.org/rec/conf/sigmod/2019.bib},
  bibsource = {dblp computer science bibliography, https://dblp.org}
}

@inproceedings{DBLP:conf/icde/ShkapskyYZ15,
  author    = {Alexander Shkapsky and Mohan Yang and Carlo Zaniolo},
  title     = {Optimizing recursive queries with monotonic aggregates in
               DeALS},
  year      = 2015,
  booktitle = {31st {IEEE} International Conference on Data Engineering,
               {ICDE} 2015, Seoul, South Korea, April 13-17, 2015},
  pages     = {867-878},
  doi       = {10.1109/ICDE.2015.7113340},
  url       = {https://doi.org/10.1109/ICDE.2015.7113340},
  crossref  = {DBLP:conf/icde/2015},
  timestamp = {Wed, 16 Oct 2019 14:14:56 +0200},
  biburl    = {https://dblp.org/rec/conf/icde/ShkapskyYZ15.bib},
  bibsource = {dblp computer science bibliography, https://dblp.org}
}

@proceedings{DBLP:conf/icde/2015,
  editor    = {Johannes Gehrke and
               Wolfgang Lehner and
               Kyuseok Shim and
               Sang Kyun Cha and
               Guy M. Lohman},
  title     = {31st {IEEE} International Conference on Data Engineering, {ICDE} 2015,
               Seoul, South Korea, April 13-17, 2015},
  publisher = {{IEEE} Computer Society},
  year      = {2015},
  url       = {https://ieeexplore.ieee.org/xpl/conhome/7109453/proceeding},
  isbn      = {978-1-4799-7964-6},
  timestamp = {Tue, 26 Jan 2021 18:45:38 +0100},
  biburl    = {https://dblp.org/rec/conf/icde/2015.bib},
  bibsource = {dblp computer science bibliography, https://dblp.org}
}

@article{DBLP:journals/tplp/CondieDISYZ18,
  author    = {Tyson Condie and Ariyam Das and Matteo Interlandi and
               Alexander Shkapsky and Mohan Yang and Carlo Zaniolo},
  title     = {Scaling-up reasoning and advanced analytics on BigData},
  year      = 2018,
  volume    = 18,
  number    = {5-6},
  pages     = {806-845},
  doi       = {10.1017/S1471068418000418},
  url       = {https://doi.org/10.1017/S1471068418000418},
  journal   = {Theory Pract. Log. Program.},
  timestamp = {Thu, 13 Feb 2020 14:39:33 +0100},
  biburl    = {https://dblp.org/rec/journals/tplp/CondieDISYZ18.bib},
  bibsource = {dblp computer science bibliography, https://dblp.org}
}

@inproceedings{DBLP:journals/corr/abs-1909-08249,
  author    = {Ariyam Das and Youfu Li and Jin Wang and Mingda Li and
               Carlo Zaniolo},
  title     = {BigData Applications from Graph Analytics to Machine
               Learning by Aggregates in Recursion},
  year      = 2019,
  booktitle = {Proceedings 35th International Conference on Logic
               Programming (Technical Communications), {ICLP} 2019 Technical
               Communications, Las Cruces, NM, USA, September 20-25, 2019},
  pages     = {273-279},
  doi       = {10.4204/EPTCS.306.32},
  url       = {https://doi.org/10.4204/EPTCS.306.32},
  crossref  = {DBLP:journals/corr/abs-1909-07646},
  timestamp = {Mon, 13 Jul 2020 20:53:42 +0200},
  biburl    = {https://dblp.org/rec/journals/corr/abs-1909-08249.bib},
  bibsource = {dblp computer science bibliography, https://dblp.org}
}

@proceedings{DBLP:journals/corr/abs-1909-07646,
  editor    = {Bart Bogaerts and
               Esra Erdem and
               Paul Fodor and
               Andrea Formisano and
               Giovambattista Ianni and
               Daniela Inclezan and
               Germ{\'{a}}n Vidal and
               Alicia Villanueva and
               Marina De Vos and
               Fangkai Yang},
  title     = {Proceedings 35th International Conference on Logic Programming (Technical
               Communications), {ICLP} 2019 Technical Communications, Las Cruces,
               NM, USA, September 20-25, 2019},
  series    = {{EPTCS}},
  volume    = {306},
  year      = {2019},
  url       = {https://doi.org/10.4204/EPTCS.306},
  doi       = {10.4204/EPTCS.306},
  timestamp = {Tue, 26 Jan 2021 18:47:15 +0100},
  biburl    = {https://dblp.org/rec/journals/corr/abs-1909-07646.bib},
  bibsource = {dblp computer science bibliography, https://dblp.org}
}

@article{DBLP:journals/corr/abs-1910-08888,
  author        = {Carlo Zaniolo and Ariyam Das and Jiaqi Gu and Youfu Li and
                   Mingda Li and Jin Wang},
  title         = {Monotonic Properties of Completed Aggregates in Recursive
                   Queries},
  year          = 2019,
  volume        = {abs/1910.08888},
  eprint        = {1910.08888},
  url           = {http://arxiv.org/abs/1910.08888},
  journal       = {CoRR},
  archiveprefix = {arXiv},
  timestamp     = {Fri, 05 Jun 2020 08:54:05 +0200},
  biburl        = {https://dblp.org/rec/journals/corr/abs-1910-08888.bib},
  bibsource     = {dblp computer science bibliography, https://dblp.org}
}

@inproceedings{DBLP:conf/pods/SaccaZ90,
  author    = {Domenico Sacc{\`{a}} and Carlo Zaniolo},
  title     = {Stable Models and Non-Determinism in Logic Programs with
               Negation},
  year      = 1990,
  booktitle = {Proceedings of the Ninth {ACM} {SIGACT-SIGMOD-SIGART}
               Symposium on Principles of Database Systems, April 2-4, 1990,
               Nashville, Tennessee, {USA}},
  pages     = {205-217},
  doi       = {10.1145/298514.298572},
  url       = {https://doi.org/10.1145/298514.298572},
  crossref  = {DBLP:conf/pods/90},
  timestamp = {Tue, 06 Nov 2018 16:58:02 +0100},
  biburl    = {https://dblp.org/rec/conf/pods/SaccaZ90.bib},
  bibsource = {dblp computer science bibliography, https://dblp.org}
}

@proceedings{DBLP:conf/pods/90,
  editor    = {Daniel J. Rosenkrantz and
               Yehoshua Sagiv},
  title     = {Proceedings of the Ninth {ACM} {SIGACT-SIGMOD-SIGART} Symposium on
               Principles of Database Systems, April 2-4, 1990, Nashville, Tennessee,
               {USA}},
  publisher = {{ACM} Press},
  year      = {1990},
  url       = {http://dl.acm.org/citation.cfm?id=298514},
  isbn      = {0-89791-352-3},
  timestamp = {Tue, 26 Jan 2021 18:52:45 +0100},
  biburl    = {https://dblp.org/rec/conf/pods/90.bib},
  bibsource = {dblp computer science bibliography, https://dblp.org}
}

@article{DBLP:journals/amai/GiannottiGSZ97,
  author    = {Fosca Giannotti and Sergio Greco and Domenico Sacc{\`{a}}
               and Carlo Zaniolo},
  title     = {Programming with Non-Determinism in Deductive Databases},
  year      = 1997,
  volume    = 19,
  number    = {1-2},
  pages     = {97-125},
  doi       = {10.1023/A:1018999404360},
  url       = {https://doi.org/10.1023/A:1018999404360},
  journal   = {Ann. Math. Artif. Intell.},
  timestamp = {Mon, 05 Jun 2017 12:38:09 +0200},
  biburl    = {https://dblp.org/rec/journals/amai/GiannottiGSZ97.bib},
  bibsource = {dblp computer science bibliography, https://dblp.org}
}

@article{DBLP:journals/logcom/LiuS20,
  author    = {Yanhong A. Liu and Scott D. Stoller},
  title     = {Founded semantics and constraint semantics of logic rules},
  year      = 2020,
  volume    = 30,
  number    = 8,
  pages     = {1609-1668},
  doi       = {10.1093/logcom/exaa056},
  url       = {https://doi.org/10.1093/logcom/exaa056},
  journal   = {J. Log. Comput.},
  timestamp = {Tue, 15 Dec 2020 16:10:04 +0100},
  biburl    = {https://dblp.org/rec/journals/logcom/LiuS20.bib},
  bibsource = {dblp computer science bibliography, https://dblp.org}
}
@article{DBLP:journals/ai/GelfondZ19,
  author    = {Michael Gelfond and Yuanlin Zhang},
  title     = {Vicious circle principle, aggregates, and formation of sets
               in {ASP} based languages},
  year      = 2019,
  volume    = 275,
  pages     = {28-77},
  doi       = {10.1016/j.artint.2019.04.004},
  url       = {https://doi.org/10.1016/j.artint.2019.04.004},
  journal   = {Artif. Intell.},
  timestamp = {Mon, 25 Nov 2019 15:32:10 +0100},
  biburl    = {https://dblp.org/rec/journals/ai/GelfondZ19.bib},
  bibsource = {dblp computer science bibliography, https://dblp.org}
}
@inproceedings{DBLP:conf/pods/RossS92,
  author    = {Kenneth A. Ross and Yehoshua Sagiv},
  title     = {Monotonic Aggregation in Deductive Databases},
  year      = 1992,
  booktitle = {Proceedings of the Eleventh {ACM} {SIGACT-SIGMOD-SIGART}
               Symposium on Principles of Database Systems, June 2-4, 1992,
               San Diego, California, {USA}},
  pages     = {114-126},
  doi       = {10.1145/137097.137852},
  url       = {https://doi.org/10.1145/137097.137852},
  crossref  = {DBLP:conf/pods/92},
  timestamp = {Tue, 06 Nov 2018 16:58:02 +0100},
  biburl    = {https://dblp.org/rec/conf/pods/RossS92.bib},
  bibsource = {dblp computer science bibliography, https://dblp.org}
}

@proceedings{DBLP:conf/pods/92,
  editor    = {Moshe Y. Vardi and
               Paris C. Kanellakis},
  title     = {Proceedings of the Eleventh {ACM} {SIGACT-SIGMOD-SIGART} Symposium
               on Principles of Database Systems, June 2-4, 1992, San Diego, California,
               {USA}},
  publisher = {{ACM} Press},
  year      = {1992},
  url       = {http://dl.acm.org/citation.cfm?id=137097},
  isbn      = {0-89791-519-4},
  timestamp = {Tue, 26 Jan 2021 19:08:24 +0100},
  biburl    = {https://dblp.org/rec/conf/pods/92.bib},
  bibsource = {dblp computer science bibliography, https://dblp.org}
}
@inproceedings{DBLP:conf/pldi/MadsenYL16,
  author    = {Magnus Madsen and Ming{-}Ho Yee and Ondrej Lhot{\'{a}}k},
  title     = {From Datalog to flix: a declarative language for fixed
               points on lattices},
  year      = 2016,
  booktitle = {Proceedings of the 37th {ACM} {SIGPLAN} Conference on
               Programming Language Design and Implementation, {PLDI} 2016,
               Santa Barbara, CA, USA, June 13-17, 2016},
  pages     = {194-208},
  doi       = {10.1145/2908080.2908096},
  url       = {https://doi.org/10.1145/2908080.2908096},
  crossref  = {DBLP:conf/pldi/2016},
  timestamp = {Tue, 06 Nov 2018 16:59:30 +0100},
  biburl    = {https://dblp.org/rec/conf/pldi/MadsenYL16.bib},
  bibsource = {dblp computer science bibliography, https://dblp.org}
}

@proceedings{DBLP:conf/pldi/2016,
  editor    = {Chandra Krintz and
               Emery Berger},
  title     = {Proceedings of the 37th {ACM} {SIGPLAN} Conference on Programming
               Language Design and Implementation, {PLDI} 2016, Santa Barbara, CA,
               USA, June 13-17, 2016},
  publisher = {{ACM}},
  year      = {2016},
  url       = {https://doi.org/10.1145/2908080},
  doi       = {10.1145/2908080},
  isbn      = {978-1-4503-4261-2},
  timestamp = {Tue, 26 Jan 2021 19:11:23 +0100},
  biburl    = {https://dblp.org/rec/conf/pldi/2016.bib},
  bibsource = {dblp computer science bibliography, https://dblp.org}
}

@article{DBLP:journals/sigmod/GrauHKKM19,
  author    = {Bernardo Cuenca Grau and Ian Horrocks and Mark Kaminski and
               Egor V. Kostylev and Boris Motik},
  title     = {Limit Datalog: {A} Declarative Query Language for Data
               Analysis},
  year      = 2019,
  volume    = 48,
  number    = 4,
  pages     = {6-17},
  doi       = {10.1145/3385658.3385660},
  url       = {https://doi.org/10.1145/3385658.3385660},
  journal   = {{SIGMOD} Rec.},
  timestamp = {Sat, 28 Mar 2020 15:18:50 +0100},
  biburl    = {https://dblp.org/rec/journals/sigmod/GrauHKKM19.bib},
  bibsource = {dblp computer science bibliography, https://dblp.org}
}

@inproceedings{DBLP:conf/coco/DantsinEGV97,
  author    = {Evgeny Dantsin and Thomas Eiter and Georg Gottlob and
               Andrei Voronkov},
  title     = {Complexity and Expressive Power of Logic Programming},
  year      = 1997,
  booktitle = {Proceedings of the Twelfth Annual {IEEE} Conference on
               Computational Complexity, Ulm, Germany, June 24-27, 1997},
  pages     = {82-101},
  doi       = {10.1109/CCC.1997.612304},
  url       = {https://doi.org/10.1109/CCC.1997.612304},
  crossref  = {DBLP:conf/coco/1997},
  timestamp = {Fri, 20 Dec 2019 11:26:24 +0100},
  biburl    = {https://dblp.org/rec/conf/coco/DantsinEGV97.bib},
  bibsource = {dblp computer science bibliography, https://dblp.org}
}

@proceedings{DBLP:conf/coco/1997,
  title     = {Proceedings of the Twelfth Annual {IEEE} Conference on Computational
               Complexity, Ulm, Germany, June 24-27, 1997},
  publisher = {{IEEE} Computer Society},
  year      = {1997},
  url       = {https://ieeexplore.ieee.org/xpl/conhome/4843/proceeding},
  isbn      = {0-8186-7907-7},
  timestamp = {Tue, 26 Jan 2021 19:20:37 +0100},
  biburl    = {https://dblp.org/rec/conf/coco/1997.bib},
  bibsource = {dblp computer science bibliography, https://dblp.org}
}

@article{DBLP:journals/jsyml/BlassGS02,
  author    = {Andreas Blass and Yuri Gurevich and Saharon Shelah},
  title     = {On Polynomial Time Computation over Unordered Structures},
  year      = 2002,
  volume    = 67,
  number    = 3,
  pages     = {1093-1125},
  doi       = {10.2178/jsl/1190150152},
  url       = {https://doi.org/10.2178/jsl/1190150152},
  journal   = {J. Symb. Log.},
  timestamp = {Sat, 05 Sep 2020 17:54:05 +0200},
  biburl    = {https://dblp.org/rec/journals/jsyml/BlassGS02.bib},
  bibsource = {dblp computer science bibliography, https://dblp.org}
}

@inproceedings{DBLP:conf/lics/AndersonDH13,
  author    = {Matthew Anderson and Anuj Dawar and Bjarki Holm},
  title     = {Maximum Matching and Linear Programming in Fixed-Point
               Logic with Counting},
  year      = 2013,
  booktitle = {28th Annual {ACM/IEEE} Symposium on Logic in Computer
               Science, {LICS} 2013, New Orleans, LA, USA, June 25-28, 2013},
  pages     = {173-182},
  doi       = {10.1109/LICS.2013.23},
  url       = {https://doi.org/10.1109/LICS.2013.23},
  crossref  = {DBLP:conf/lics/2013},
  timestamp = {Wed, 16 Oct 2019 14:14:54 +0200},
  biburl    = {https://dblp.org/rec/conf/lics/AndersonDH13.bib},
  bibsource = {dblp computer science bibliography, https://dblp.org}
}

@proceedings{DBLP:conf/lics/2013,
  title     = {28th Annual {ACM/IEEE} Symposium on Logic in Computer Science, {LICS}
               2013, New Orleans, LA, USA, June 25-28, 2013},
  publisher = {{IEEE} Computer Society},
  year      = {2013},
  url       = {https://ieeexplore.ieee.org/xpl/conhome/6570844/proceeding},
  isbn      = {978-1-4799-0413-6},
  timestamp = {Tue, 26 Jan 2021 19:25:29 +0100},
  biburl    = {https://dblp.org/rec/conf/lics/2013.bib},
  bibsource = {dblp computer science bibliography, https://dblp.org}
}


@inproceedings{DBLP:conf/cidr/AlvaroCHM11,
  author    = {Peter Alvaro and Neil Conway and Joseph M. Hellerstein and
               William R. Marczak},
  title     = {Consistency Analysis in Bloom: a {CALM} and Collected
               Approach},
  year      = 2011,
  booktitle = {{CIDR} 2011, Fifth Biennial Conference on Innovative Data
               Systems Research, Asilomar, CA, USA, January 9-12, 2011,
               Online Proceedings},
  pages     = {249-260},
  url       = {http://cidrdb.org/cidr2011/Papers/CIDR11\_Paper35.pdf},
  crossref  = {DBLP:conf/cidr/2011},
  timestamp = {Thu, 12 Mar 2020 11:32:38 +0100},
  biburl    = {https://dblp.org/rec/conf/cidr/AlvaroCHM11.bib},
  bibsource = {dblp computer science bibliography, https://dblp.org}
}

@proceedings{DBLP:conf/cidr/2011,
  title     = {{CIDR} 2011, Fifth Biennial Conference on Innovative Data Systems
               Research, Asilomar, CA, USA, January 9-12, 2011, Online Proceedings},
  publisher = {www.cidrdb.org},
  year      = {2011},
  url       = {http://cidrdb.org/cidr2011/index.html},
  timestamp = {Tue, 26 Jan 2021 19:31:51 +0100},
  biburl    = {https://dblp.org/rec/conf/cidr/2011.bib},
  bibsource = {dblp computer science bibliography, https://dblp.org}
}

@article{DBLP:journals/corr/abs-2010-10503,
  author        = {Matthew Francis{-}Landau and Tim Vieira and Jason Eisner},
  title         = {Evaluation of Logic Programs with Built-Ins and
                   Aggregation: {A} Calculus for Bag Relations},
  year          = 2020,
  volume        = {abs/2010.10503},
  eprint        = {2010.10503},
  url           = {https://arxiv.org/abs/2010.10503},
  journal       = {CoRR},
  archiveprefix = {arXiv},
  timestamp     = {Mon, 26 Oct 2020 15:39:44 +0100},
  biburl        = {https://dblp.org/rec/journals/corr/abs-2010-10503.bib},
  bibsource     = {dblp computer science bibliography, https://dblp.org}
}

@article{DBLP:journals/pvldb/FanZZAKP19,
  author    = {Zhiwei Fan and Jianqiao Zhu and Zuyu Zhang and Aws
               Albarghouthi and Paraschos Koutris and Jignesh M. Patel},
  title     = {Scaling-Up In-Memory Datalog Processing: Observations and
               Techniques},
  year      = 2019,
  volume    = 12,
  number    = 6,
  pages     = {695-708},
  doi       = {10.14778/3311880.3311886},
  url       = {http://www.vldb.org/pvldb/vol12/p695-fan.pdf},
  journal   = {Proc. {VLDB} Endow.},
  timestamp = {Sat, 25 Apr 2020 13:58:54 +0200},
  biburl    = {https://dblp.org/rec/journals/pvldb/FanZZAKP19.bib},
  bibsource = {dblp computer science bibliography, https://dblp.org}
}

@misc{Scott71towarda,
  author = {Dana Scott and Christopher Strachey},
  title  = {Toward a Mathematical Semantics for Computer Languages},
  year   = {1971}
}

@article{DBLP:journals/ai/KohlasW08,
  author    = {J{\"{u}}rg Kohlas and
               Nic Wilson},
  title     = {Semiring induced valuation algebras: Exact and approximate local computation
               algorithms},
  journal   = {Artif. Intell.},
  volume    = {172},
  number    = {11},
  pages     = {1360--1399},
  year      = {2008},
  url       = {https://doi.org/10.1016/j.artint.2008.03.003},
  doi       = {10.1016/j.artint.2008.03.003},
  timestamp = {Sat, 27 May 2017 14:24:41 +0200},
  biburl    = {https://dblp.org/rec/journals/ai/KohlasW08.bib},
  bibsource = {dblp computer science bibliography, https://dblp.org}
}

@book{DBLP:books/daglib/0008195,
  author    = {J{\"{u}}rg Kohlas},
  title     = {Information algebras - generic structures for inference},
  series    = {Discrete mathematics and theoretical computer science},
  publisher = {Springer},
  year      = {2003},
  isbn      = {978-1-85233-689-9},
  timestamp = {Mon, 15 Jul 2019 16:26:46 +0200},
  biburl    = {https://dblp.org/rec/books/daglib/0008195.bib},
  bibsource = {dblp computer science bibliography, https://dblp.org}
}

@inproceedings{DBLP:conf/popl/CousotC77,
  author    = {Patrick Cousot and
               Radhia Cousot},
  editor    = {Robert M. Graham and
               Michael A. Harrison and
               Ravi Sethi},
  title     = {Abstract Interpretation: {A} Unified Lattice Model for Static Analysis
               of Programs by Construction or Approximation of Fixpoints},
  booktitle = {Conference Record of the Fourth {ACM} Symposium on Principles of Programming
               Languages, Los Angeles, California, USA, January 1977},
  pages     = {238--252},
  publisher = {{ACM}},
  year      = {1977},
  url       = {https://doi.org/10.1145/512950.512973},
  doi       = {10.1145/512950.512973},
  timestamp = {Tue, 06 Nov 2018 11:07:42 +0100},
  biburl    = {https://dblp.org/rec/conf/popl/CousotC77.bib},
  bibsource = {dblp computer science bibliography, https://dblp.org}
}

@article{DBLP:journals/sigmod/JankovLYCZJG20,
  author    = {Dimitrije Jankov and
               Shangyu Luo and
               Binhang Yuan and
               Zhuhua Cai and
               Jia Zou and
               Chris Jermaine and
               Zekai J. Gao},
  title     = {Declarative Recursive Computation on an {RDBMS:} or, Why You Should
               Use a Database For Distributed Machine Learning},
  journal   = {{SIGMOD} Rec.},
  volume    = {49},
  number    = {1},
  pages     = {43--50},
  year      = {2020},
  url       = {https://doi.org/10.1145/3422648.3422659},
  doi       = {10.1145/3422648.3422659},
  timestamp = {Tue, 06 Oct 2020 12:27:27 +0200},
  biburl    = {https://dblp.org/rec/journals/sigmod/JankovLYCZJG20.bib},
  bibsource = {dblp computer science bibliography, https://dblp.org}
}

@article{DBLP:journals/dm/Gondran79,
  author    = {Michel Gondran},
  title     = {Les elements p-reguliers dans les dio{\"{\i}}des},
  journal   = {Discret. Math.},
  volume    = {25},
  number    = {1},
  pages     = {33--39},
  year      = {1979},
  url       = {https://doi.org/10.1016/0012-365X(79)90150-X},
  doi       = {10.1016/0012-365X(79)90150-X},
  timestamp = {Fri, 12 Feb 2021 13:46:01 +0100},
  biburl    = {https://dblp.org/rec/journals/dm/Gondran79.bib},
  bibsource = {dblp computer science bibliography, https://dblp.org}
}


@article{DBLP:journals/jlp/Ramakrishnan91,
  author    = {Raghu Ramakrishnan},
  title     = {Magic Templates: {A} Spellbinding Approach To Logic Programs},
  journal   = {J. Log. Program.},
  volume    = {11},
  number    = {3{\&}4},
  pages     = {189--216},
  year      = {1991},
  url       = {https://doi.org/10.1016/0743-1066(91)90026-L},
  doi       = {10.1016/0743-1066(91)90026-L},
  timestamp = {Wed, 17 Feb 2021 08:54:26 +0100},
  biburl    = {https://dblp.org/rec/journals/jlp/Ramakrishnan91.bib},
  bibsource = {dblp computer science bibliography, https://dblp.org}
}

@proceedings{DBLP:conf/dagstuhl/2008coc,
  editor    = {Nadia Creignou and
               Phokion G. Kolaitis and
               Heribert Vollmer},
  title     = {Complexity of Constraints - An Overview of Current Research Themes
               [Result of a Dagstuhl Seminar]},
  series    = {Lecture Notes in Computer Science},
  volume    = {5250},
  publisher = {Springer},
  year      = {2008},
  url       = {https://doi.org/10.1007/978-3-540-92800-3},
  doi       = {10.1007/978-3-540-92800-3},
  isbn      = {978-3-540-92799-0},
  timestamp = {Tue, 14 May 2019 10:00:51 +0200},
  biburl    = {https://dblp.org/rec/conf/dagstuhl/2008coc.bib},
  bibsource = {dblp computer science bibliography, https://dblp.org}
}

@book{davey1990introduction,
  added-at    = {2011-12-23T01:05:17.000+0100},
  address     = {Cambridge},
  author      = {Davey, Brian A. and Priestley, Hilary A.},
  biburl      = {https://www.bibsonomy.org/bibtex/2df19796e33c1e2c861b613e3c8a86f58/sdo},
  description = {Introduction to Lattices and Order: B. A. Davey, H. A. Priestley: 9780521367660: Englische Bücher},
  interhash   = {7255554003c02eb6ddf14a6fcb9b9f72},
  intrahash   = {df19796e33c1e2c861b613e3c8a86f58},
  isbn        = {0521365848 9780521365840 0521367662 9780521367660},
  keywords    = {fca introduction lattice order},
  publisher   = {Cambridge University Press},
  refid       = {471812885},
  timestamp   = {2011-12-23T01:05:17.000+0100},
  title       = {Introduction to lattices and order},
  url         = {http://www.worldcat.org/search?qt=worldcat_org_all&q=0521367662},
  year        = 1990
}


@article{DBLP:journals/tcs/Lehmann77,
  author    = {Daniel J. Lehmann},
  title     = {Algebraic Structures for Transitive Closure},
  journal   = {Theor. Comput. Sci.},
  volume    = {4},
  number    = {1},
  pages     = {59--76},
  year      = {1977},
  url       = {https://doi.org/10.1016/0304-3975(77)90056-1},
  doi       = {10.1016/0304-3975(77)90056-1},
  timestamp = {Wed, 17 Feb 2021 21:59:06 +0100},
  biburl    = {https://dblp.org/rec/journals/tcs/Lehmann77.bib},
  bibsource = {dblp computer science bibliography, https://dblp.org}
}

@inproceedings{DBLP:conf/csl/DannertGNT21,
  author    = {Katrin M. Dannert and
               Erich Gr{\"{a}}del and
               Matthias Naaf and
               Val Tannen},
  editor    = {Christel Baier and
               Jean Goubault{-}Larrecq},
  title     = {Semiring Provenance for Fixed-Point Logic},
  booktitle = {29th {EACSL} Annual Conference on Computer Science Logic, {CSL} 2021,
               January 25-28, 2021, Ljubljana, Slovenia (Virtual Conference)},
  series    = {LIPIcs},
  volume    = {183},
  pages     = {17:1--17:22},
  publisher = {Schloss Dagstuhl - Leibniz-Zentrum f{\"{u}}r Informatik},
  year      = {2021},
  url       = {https://doi.org/10.4230/LIPIcs.CSL.2021.17},
  doi       = {10.4230/LIPIcs.CSL.2021.17},
  timestamp = {Wed, 13 Jan 2021 17:30:05 +0100},
  biburl    = {https://dblp.org/rec/conf/csl/DannertGNT21.bib},
  bibsource = {dblp computer science bibliography, https://dblp.org}
}

@inproceedings{DBLP:conf/popl/RepsTP16,
  author    = {Thomas W. Reps and
               Emma Turetsky and
               Prathmesh Prabhu},
  editor    = {Rastislav Bod{\'{\i}}k and
               Rupak Majumdar},
  title     = {Newtonian program analysis via tensor product},
  booktitle = {Proceedings of the 43rd Annual {ACM} {SIGPLAN-SIGACT} Symposium on
               Principles of Programming Languages, {POPL} 2016, St. Petersburg,
               FL, USA, January 20 - 22, 2016},
  pages     = {663--677},
  publisher = {{ACM}},
  year      = {2016},
  url       = {https://doi.org/10.1145/2837614.2837659},
  doi       = {10.1145/2837614.2837659},
  timestamp = {Tue, 06 Nov 2018 11:07:43 +0100},
  biburl    = {https://dblp.org/rec/conf/popl/RepsTP16.bib},
  bibsource = {dblp computer science bibliography, https://dblp.org}
}

@article{DBLP:journals/jacm/EsparzaKL10,
  author    = {Javier Esparza and
               Stefan Kiefer and
               Michael Luttenberger},
  title     = {Newtonian program analysis},
  journal   = {J. {ACM}},
  volume    = {57},
  number    = {6},
  pages     = {33:1--33:47},
  year      = {2010},
  url       = {https://doi.org/10.1145/1857914.1857917},
  doi       = {10.1145/1857914.1857917},
  timestamp = {Fri, 09 Apr 2021 18:29:23 +0200},
  biburl    = {https://dblp.org/rec/journals/jacm/EsparzaKL10.bib},
  bibsource = {dblp computer science bibliography, https://dblp.org}
}




@article{DBLP:journals/jlp/Fitting91,
  author    = {Melvin Fitting},
  title     = {Bilattices and the Semantics of Logic Programming},
  journal   = {J. Log. Program.},
  volume    = {11},
  number    = {1{\&}2},
  pages     = {91--116},
  year      = {1991},
  url       = {https://doi.org/10.1016/0743-1066(91)90014-G},
  doi       = {10.1016/0743-1066(91)90014-G},
  timestamp = {Wed, 17 Feb 2021 08:54:26 +0100},
  biburl    = {https://dblp.org/rec/journals/jlp/Fitting91.bib},
  bibsource = {dblp computer science bibliography, https://dblp.org}
}


@article{DBLP:journals/tcs/Fitting02,
  author    = {Melvin Fitting},
  title     = {Fixpoint semantics for logic programming a survey},
  journal   = {Theor. Comput. Sci.},
  volume    = {278},
  number    = {1-2},
  pages     = {25--51},
  year      = {2002},
  url       = {https://doi.org/10.1016/S0304-3975(00)00330-3},
  doi       = {10.1016/S0304-3975(00)00330-3},
  timestamp = {Wed, 17 Feb 2021 21:58:01 +0100},
  biburl    = {https://dblp.org/rec/journals/tcs/Fitting02.bib},
  bibsource = {dblp computer science bibliography, https://dblp.org}
}

@article{DBLP:journals/jlp/Fitting85a,
  author    = {Melvin Fitting},
  title     = {A Kripke-Kleene Semantics for Logic Programs},
  journal   = {J. Log. Program.},
  volume    = {2},
  number    = {4},
  pages     = {295--312},
  year      = {1985},
  url       = {https://doi.org/10.1016/S0743-1066(85)80005-4},
  doi       = {10.1016/S0743-1066(85)80005-4},
  timestamp = {Wed, 17 Feb 2021 08:54:26 +0100},
  biburl    = {https://dblp.org/rec/journals/jlp/Fitting85a.bib},
  bibsource = {dblp computer science bibliography, https://dblp.org}
}



@article{DBLP:journals/jacm/GelderRS91,
  author    = {Allen Van Gelder and
               Kenneth A. Ross and
               John S. Schlipf},
  title     = {The Well-Founded Semantics for General Logic Programs},
  journal   = {J. {ACM}},
  volume    = {38},
  number    = {3},
  pages     = {620--650},
  year      = {1991},
  url       = {https://doi.org/10.1145/116825.116838},
  doi       = {10.1145/116825.116838},
  timestamp = {Tue, 06 Nov 2018 12:51:46 +0100},
  biburl    = {https://dblp.org/rec/journals/jacm/GelderRS91.bib},
  bibsource = {dblp computer science bibliography, https://dblp.org}
}

@inproceedings{DBLP:conf/pods/Gelder89,
  author    = {Allen Van Gelder},
  editor    = {Avi Silberschatz},
  title     = {The Alternating Fixpoint of Logic Programs with Negation},
  booktitle = {Proceedings of the Eighth {ACM} {SIGACT-SIGMOD-SIGART} Symposium on
               Principles of Database Systems, March 29-31, 1989, Philadelphia, Pennsylvania,
               {USA}},
  pages     = {1--10},
  publisher = {{ACM} Press},
  year      = {1989},
  url       = {https://doi.org/10.1145/73721.73722},
  doi       = {10.1145/73721.73722},
  timestamp = {Tue, 06 Nov 2018 16:58:02 +0100},
  biburl    = {https://dblp.org/rec/conf/pods/Gelder89.bib},
  bibsource = {dblp computer science bibliography, https://dblp.org}
}


@inproceedings{DBLP:conf/iclp/GelfondL88,
  author    = {Michael Gelfond and
               Vladimir Lifschitz},
  editor    = {Robert A. Kowalski and
               Kenneth A. Bowen},
  title     = {The Stable Model Semantics for Logic Programming},
  booktitle = {Logic Programming, Proceedings of the Fifth International Conference
               and Symposium, Seattle, Washington, USA, August 15-19, 1988 {(2} Volumes)},
  pages     = {1070--1080},
  publisher = {{MIT} Press},
  year      = {1988},
  timestamp = {Sat, 23 Jun 2018 18:45:26 +0200},
  biburl    = {https://dblp.org/rec/conf/iclp/GelfondL88.bib},
  bibsource = {dblp computer science bibliography, https://dblp.org}
}

@article{DBLP:journals/fuin/Przymusinski90,
  author    = {Teodor C. Przymusinski},
  title     = {The Well-Founded Semantics Coincides with the Three-Valued Stable
               Semantics},
  journal   = {Fundam. Inform.},
  volume    = {13},
  number    = {4},
  pages     = {445--463},
  year      = {1990},
  timestamp = {Thu, 27 Nov 2003 13:24:17 +0100},
  biburl    = {https://dblp.org/rec/journals/fuin/Przymusinski90.bib},
  bibsource = {dblp computer science bibliography, https://dblp.org}
}

@article{DBLP:journals/cacm/Codd70,
  author    = {E. F. Codd},
  title     = {A Relational Model of Data for Large Shared Data Banks},
  journal   = {Commun. {ACM}},
  volume    = {13},
  number    = {6},
  pages     = {377--387},
  year      = {1970},
  url       = {http://doi.acm.org/10.1145/362384.362685},
  doi       = {10.1145/362384.362685},
  timestamp = {Wed, 14 Nov 2018 10:22:34 +0100},
  biburl    = {https://dblp.org/rec/journals/cacm/Codd70.bib},
  bibsource = {dblp computer science bibliography, https://dblp.org}
}

@incollection{DBLP:books/mc/18/MaierTKW18,
  author    = {David Maier and
               K. Tuncay Tekle and
               Michael Kifer and
               David Scott Warren},
  editor    = {Michael Kifer and
               Yanhong Annie Liu},
  title     = {Datalog: concepts, history, and outlook},
  booktitle = {Declarative Logic Programming: Theory, Systems, and Applications},
  pages     = {3--100},
  publisher = {{ACM} / Morgan {\&} Claypool},
  year      = {2018},
  url       = {https://doi.org/10.1145/3191315.3191317},
  doi       = {10.1145/3191315.3191317},
  timestamp = {Fri, 28 Jun 2019 07:30:26 +0200},
  biburl    = {https://dblp.org/rec/books/mc/18/MaierTKW18.bib},
  bibsource = {dblp computer science bibliography, https://dblp.org}
}

@inproceedings{DBLP:conf/iclp/Przymusinski88,
  author    = {Teodor C. Przymusinski},
  editor    = {Robert A. Kowalski and
               Kenneth A. Bowen},
  title     = {Perfect Model Semantics},
  booktitle = {Logic Programming, Proceedings of the Fifth International Conference
               and Symposium, Seattle, Washington, USA, August 15-19, 1988 {(2} Volumes)},
  pages     = {1081--1096},
  publisher = {{MIT} Press},
  year      = {1988},
  timestamp = {Sat, 23 Jun 2018 18:45:26 +0200},
  biburl    = {https://dblp.org/rec/conf/iclp/Przymusinski88.bib},
  bibsource = {dblp computer science bibliography, https://dblp.org}
}

@article{DBLP:journals/debu/ZanioloD0LL021,
  author    = {Carlo Zaniolo and
               Ariyam Das and
               Jiaqi Gu and
               Youfu Li and
               Mingda Li and
               Jin Wang},
  title     = {Developing Big-Data Application as Queries: an Aggregate-Based approach},
  journal   = {{IEEE} Data Eng. Bull.},
  volume    = {44},
  number    = {2},
  pages     = {3--13},
  year      = {2021},
  url       = {http://sites.computer.org/debull/A21june/p3.pdf},
  timestamp = {Fri, 04 Mar 2022 15:57:43 +0100},
  biburl    = {https://dblp.org/rec/journals/debu/ZanioloD0LL021.bib},
  bibsource = {dblp computer science bibliography, https://dblp.org}
}

@inproceedings{DBLP:conf/pods/Khamis0PSW22,
  author    = {Mahmoud {Abo Khamis} and
               Hung Q. Ngo and
               Reinhard Pichler and
               Dan Suciu and
               Yisu Remy Wang},
  editor    = {Leonid Libkin and
               Pablo Barcel{\'{o}}},
  title     = {Convergence of Datalog over (Pre-) Semirings},
  booktitle = {{PODS} '22: International Conference on Management of Data, Philadelphia,
               PA, USA, June 12 - 17, 2022},
  pages     = {105--117},
  publisher = {{ACM}},
  year      = {2022},
  url       = {https://doi.org/10.1145/3517804.3524140},
  doi       = {10.1145/3517804.3524140},
  timestamp = {Sun, 02 Oct 2022 16:13:46 +0200},
  biburl    = {https://dblp.org/rec/conf/pods/Khamis0PSW22.bib},
  bibsource = {dblp computer science bibliography, https://dblp.org}
}

@inproceedings{DBLP:conf/sigmod/WangK0PS22,
  author    = {Yisu Remy Wang and
               Mahmoud {Abo Khamis} and
               Hung Q. Ngo and
               Reinhard Pichler and
               Dan Suciu},
  editor    = {Zachary Ives and
               Angela Bonifati and
               Amr El Abbadi},
  title     = {Optimizing Recursive Queries with Progam Synthesis},
  booktitle = {{SIGMOD} '22: International Conference on Management of Data, Philadelphia,
               PA, USA, June 12 - 17, 2022},
  pages     = {79--93},
  publisher = {{ACM}},
  year      = {2022},
  url       = {https://doi.org/10.1145/3514221.3517827},
  doi       = {10.1145/3514221.3517827},
  timestamp = {Sun, 02 Oct 2022 16:15:22 +0200},
  biburl    = {https://dblp.org/rec/conf/sigmod/WangK0PS22.bib},
  bibsource = {dblp computer science bibliography, https://dblp.org}
}

@article{DBLP:journals/ipl/EsparzaGKL11,
  author    = {Javier Esparza and
               Pierre Ganty and
               Stefan Kiefer and
               Michael Luttenberger},
  title     = {Parikh's theorem: {A} simple and direct automaton construction},
  journal   = {Inf. Process. Lett.},
  volume    = {111},
  number    = {12},
  pages     = {614--619},
  year      = {2011},
  url       = {https://doi.org/10.1016/j.ipl.2011.03.019},
  doi       = {10.1016/j.ipl.2011.03.019},
  timestamp = {Fri, 09 Apr 2021 18:33:54 +0200},
  biburl    = {https://dblp.org/rec/journals/ipl/EsparzaGKL11.bib},
  bibsource = {dblp computer science bibliography, https://dblp.org}
}

@article{DBLP:journals/iandc/LuttenbergerS16,
  author    = {Michael Luttenberger and
               Maximilian Schlund},
  title     = {Convergence of Newton's Method over Commutative Semirings},
  journal   = {Inf. Comput.},
  volume    = {246},
  pages     = {43--61},
  year      = {2016},
  url       = {https://doi.org/10.1016/j.ic.2015.11.008},
  doi       = {10.1016/j.ic.2015.11.008},
  timestamp = {Fri, 12 Feb 2021 22:15:36 +0100},
  biburl    = {https://dblp.org/rec/journals/iandc/LuttenbergerS16.bib},
  bibsource = {dblp computer science bibliography, https://dblp.org}
}

@article{DBLP:journals/vldb/KochAKNNLS14,
  author    = {Christoph Koch and
               Yanif Ahmad and
               Oliver Kennedy and
               Milos Nikolic and
               Andres N{\"{o}}tzli and
               Daniel Lupei and
               Amir Shaikhha},
  title     = {DBToaster: higher-order delta processing for dynamic, frequently fresh
               views},
  journal   = {{VLDB} J.},
  volume    = {23},
  number    = {2},
  pages     = {253--278},
  year      = {2014},
  url       = {https://doi.org/10.1007/s00778-013-0348-4},
  doi       = {10.1007/s00778-013-0348-4},
  timestamp = {Tue, 11 Oct 2022 14:25:43 +0200},
  biburl    = {https://dblp.org/rec/journals/vldb/KochAKNNLS14.bib},
  bibsource = {dblp computer science bibliography, https://dblp.org}
}

@article{DBLP:journals/iandc/Kolaitis91,
  author    = {Phokion G. Kolaitis},
  title     = {The Expressive Power of Stratified Programs},
  journal   = {Inf. Comput.},
  volume    = {90},
  number    = {1},
  pages     = {50--66},
  year      = {1991},
  url       = {https://doi.org/10.1016/0890-5401(91)90059-B},
  doi       = {10.1016/0890-5401(91)90059-B},
  timestamp = {Fri, 12 Feb 2021 22:16:54 +0100},
  biburl    = {https://dblp.org/rec/journals/iandc/Kolaitis91.bib},
  bibsource = {dblp computer science bibliography, https://dblp.org}
}

@article{DBLP:journals/tocl/LeonePFEGPS06,
  author    = {Nicola Leone and
               Gerald Pfeifer and
               Wolfgang Faber and
               Thomas Eiter and
               Georg Gottlob and
               Simona Perri and
               Francesco Scarcello},
  title     = {The {DLV} system for knowledge representation and reasoning},
  journal   = {{ACM} Trans. Comput. Log.},
  volume    = {7},
  number    = {3},
  pages     = {499--562},
  year      = {2006},
  url       = {https://doi.org/10.1145/1149114.1149117},
  doi       = {10.1145/1149114.1149117},
  timestamp = {Sun, 02 Jun 2019 21:05:26 +0200},
  biburl    = {https://dblp.org/rec/journals/tocl/LeonePFEGPS06.bib},
  bibsource = {dblp computer science bibliography, https://dblp.org}
}


@article{DBLP:journals/jcss/KolaitisP91,
  author    = {Phokion G. Kolaitis and
               Christos H. Papadimitriou},
  title     = {Why not Negation by Fixpoint?},
  journal   = {J. Comput. Syst. Sci.},
  volume    = {43},
  number    = {1},
  pages     = {125--144},
  year      = {1991},
  url       = {https://doi.org/10.1016/0022-0000(91)90033-2},
  doi       = {10.1016/0022-0000(91)90033-2},
  timestamp = {Tue, 16 Feb 2021 14:04:14 +0100},
  biburl    = {https://dblp.org/rec/journals/jcss/KolaitisP91.bib},
  bibsource = {dblp computer science bibliography, https://dblp.org}
}

@inproceedings{DBLP:conf/pods/Przymusinski89,
  author    = {Teodor C. Przymusinski},
  editor    = {Avi Silberschatz},
  title     = {Every Logic Program Has a Natural Stratification And an Iterated Least
               Fixed Point Model},
  booktitle = {Proceedings of the Eighth {ACM} {SIGACT-SIGMOD-SIGART} Symposium on
               Principles of Database Systems, March 29-31, 1989, Philadelphia, Pennsylvania,
               {USA}},
  pages     = {11--21},
  publisher = {{ACM} Press},
  year      = {1989},
  url       = {https://doi.org/10.1145/73721.73723},
  doi       = {10.1145/73721.73723},
  timestamp = {Tue, 06 Nov 2018 16:58:02 +0100},
  biburl    = {https://dblp.org/rec/conf/pods/Przymusinski89.bib},
  bibsource = {dblp computer science bibliography, https://dblp.org}
}

@article{DBLP:journals/logcom/Fitting91,
  author    = {Melvin Fitting},
  title     = {Kleene's Logic, Generalized},
  journal   = {J. Log. Comput.},
  volume    = {1},
  number    = {6},
  pages     = {797--810},
  year      = {1991},
  url       = {https://doi.org/10.1093/logcom/1.6.797},
  doi       = {10.1093/logcom/1.6.797},
  timestamp = {Wed, 17 May 2017 14:25:55 +0200},
  biburl    = {https://dblp.org/rec/journals/logcom/Fitting91.bib},
  bibsource = {dblp computer science bibliography, https://dblp.org}
}

@misc{frankmcsherry-2022,
  author       = {Frank McSherry},
  title        = {Recursion in Materialize},
  note         = {Accessed: December 2022},
  howpublished = {\url{https://github.com/frankmcsherry/blog/blob/master/posts/2022-12-25.md}},
  year         = {2022}
}

@inproceedings{DBLP:conf/pods/GangulyGZ91,
  author    = {Sumit Ganguly and
               Sergio Greco and
               Carlo Zaniolo},
  editor    = {Daniel J. Rosenkrantz},
  title     = {Minimum and Maximum Predicates in Logic Programming},
  booktitle = {Proceedings of the Tenth {ACM} {SIGACT-SIGMOD-SIGART} Symposium on
               Principles of Database Systems, May 29-31, 1991, Denver, Colorado,
               {USA}},
  pages     = {154--163},
  publisher = {{ACM} Press},
  year      = {1991},
  url       = {https://doi.org/10.1145/113413.113427},
  doi       = {10.1145/113413.113427},
  timestamp = {Tue, 06 Nov 2018 16:58:02 +0100},
  biburl    = {https://dblp.org/rec/conf/pods/GangulyGZ91.bib},
  bibsource = {dblp computer science bibliography, https://dblp.org}
}

@article{DBLP:journals/jcss/GangulyGZ95,
  author    = {Sumit Ganguly and
               Sergio Greco and
               Carlo Zaniolo},
  title     = {Extrema Predicates in Deductive Databases},
  journal   = {J. Comput. Syst. Sci.},
  volume    = {51},
  number    = {2},
  pages     = {244--259},
  year      = {1995},
  url       = {https://doi.org/10.1006/jcss.1995.1064},
  doi       = {10.1006/jcss.1995.1064},
  timestamp = {Tue, 16 Feb 2021 14:04:38 +0100},
  biburl    = {https://dblp.org/rec/journals/jcss/GangulyGZ95.bib},
  bibsource = {dblp computer science bibliography, https://dblp.org}
}


@inproceedings{DBLP:conf/sigmod/ShkapskyYICCZ16,
  author    = {Alexander Shkapsky and Mohan Yang and Matteo Interlandi and
               Hsuan Chiu and Tyson Condie and Carlo Zaniolo},
  title     = {Big Data Analytics with Datalog Queries on Spark},
  year      = 2016,
  booktitle = {Proceedings of the 2016 International Conference on
               Management of Data, {SIGMOD} Conference 2016, San Francisco,
               CA, USA, June 26 - July 01, 2016},
  pages     = {1135-1149},
  doi       = {10.1145/2882903.2915229},
  url       = {https://doi.org/10.1145/2882903.2915229},
  timestamp = {Wed, 14 Nov 2018 10:56:20 +0100},
  biburl    = {https://dblp.org/rec/conf/sigmod/ShkapskyYICCZ16.bib},
  bibsource = {dblp computer science bibliography, https://dblp.org}
}

@inproceedings{DBLP:conf/amw/ZanioloYDI16,
  author    = {Carlo Zaniolo and
               Mohan Yang and
               Ariyam Das and
               Matteo Interlandi},
  editor    = {Reinhard Pichler and
               Altigran Soares da Silva},
  title     = {The Magic of Pushing Extrema into Recursion: Simple, Powerful Datalog
               Programs},
  booktitle = {Proceedings of the 10th Alberto Mendelzon International Workshop on
               Foundations of Data Management, Panama City, Panama, May 8-10, 2016},
  series    = {{CEUR} Workshop Proceedings},
  volume    = {1644},
  publisher = {CEUR-WS.org},
  year      = {2016},
  url       = {http://ceur-ws.org/Vol-1644/paper16.pdf},
  timestamp = {Wed, 12 Feb 2020 16:44:56 +0100},
  biburl    = {https://dblp.org/rec/conf/amw/ZanioloYDI16.bib},
  bibsource = {dblp computer science bibliography, https://dblp.org}
}

@article{DBLP:journals/ftdb/GreenHLZ13,
  author    = {Todd J. Green and
               Shan Shan Huang and
               Boon Thau Loo and
               Wenchao Zhou},
  title     = {Datalog and Recursive Query Processing},
  journal   = {Found. Trends Databases},
  volume    = {5},
  number    = {2},
  pages     = {105--195},
  year      = {2013},
  url       = {https://doi.org/10.1561/1900000017},
  doi       = {10.1561/1900000017},
  timestamp = {Sat, 25 Apr 2020 14:00:54 +0200},
  biburl    = {https://dblp.org/rec/journals/ftdb/GreenHLZ13.bib},
  bibsource = {dblp computer science bibliography, https://dblp.org}
}

@inproceedings{DBLP:conf/stoc/Vardi82,
  author    = {Moshe Y. Vardi},
  editor    = {Harry R. Lewis and
               Barbara B. Simons and
               Walter A. Burkhard and
               Lawrence H. Landweber},
  title     = {The Complexity of Relational Query Languages (Extended Abstract)},
  booktitle = {Proceedings of the 14th Annual {ACM} Symposium on Theory of Computing,
               May 5-7, 1982, San Francisco, California, {USA}},
  pages     = {137--146},
  publisher = {{ACM}},
  year      = {1982},
  url       = {https://doi.org/10.1145/800070.802186},
  doi       = {10.1145/800070.802186},
  timestamp = {Wed, 14 Nov 2018 10:51:38 +0100},
  biburl    = {https://dblp.org/rec/conf/stoc/Vardi82.bib},
  bibsource = {dblp computer science bibliography, https://dblp.org}
}





% Free Join bib

@inproceedings{kuzu:cidr,
  author    = {Xiyang Feng and
               Guodong Jin and
               Ziyi Chen and
               Chang Liu and
               Semih Saliho\u{g}lu},
  title     = {K\`uzu Graph Database Management System},
  booktitle = {CIDR},
  year      = {2023}
}
@misc{kuzu-github,
  author       = {Xiyang Feng and
                  Guodong Jin and
                  Ziyi Chen and
                  Chang Liu and
                  Semih Saliho\u{g}lu},
  title        = {{K\`uzu Database Management System Source Code}},
  howpublished = {\url{https://github.com/kuzudb/kuzu}},
  month        = nov,
  year         = 2022
}
@inproceedings{DBLP:conf/sigmod/MhedhbiLKWS21,
  author    = {Amine Mhedhbi and
               Matteo Lissandrini and
               Laurens Kuiper and
               Jack Waudby and
               G{\'{a}}bor Sz{\'{a}}rnyas},
  editor    = {Vasiliki Kalavri and
               Nikolay Yakovets},
  title     = {{LSQB:} a large-scale subgraph query benchmark},
  booktitle = {{GRADES-NDA} '21: Proceedings of the 4th {ACM} {SIGMOD} Joint International
               Workshop on Graph Data Management Experiences {\&} Systems {(GRADES)}
               and Network Data Analytics (NDA), Virtual Event, China, 20 June 2021},
  pages     = {8:1--8:11},
  publisher = {{ACM}},
  year      = {2021},
  url       = {https://doi.org/10.1145/3461837.3464516},
  doi       = {10.1145/3461837.3464516},
  timestamp = {Thu, 23 Jun 2022 19:55:38 +0200},
  biburl    = {https://dblp.org/rec/conf/sigmod/MhedhbiLKWS21.bib},
  bibsource = {dblp computer science bibliography, https://dblp.org}
}
@article{DBLP:journals/sigmod/OlteanuS16,
  author    = {Dan Olteanu and
               Maximilian Schleich},
  title     = {Factorized Databases},
  journal   = {{SIGMOD} Rec.},
  volume    = {45},
  number    = {2},
  pages     = {5--16},
  year      = {2016},
  url       = {https://doi.org/10.1145/3003665.3003667},
  doi       = {10.1145/3003665.3003667},
  timestamp = {Fri, 06 Mar 2020 21:56:19 +0100},
  biburl    = {https://dblp.org/rec/journals/sigmod/OlteanuS16.bib},
  bibsource = {dblp computer science bibliography, https://dblp.org}
}
@inproceedings{DBLP:conf/vldb/KemperKW99,
  author    = {Alfons Kemper and
               Donald Kossmann and
               Christian Wiesner},
  editor    = {Malcolm P. Atkinson and
               Maria E. Orlowska and
               Patrick Valduriez and
               Stanley B. Zdonik and
               Michael L. Brodie},
  title     = {Generalised Hash Teams for Join and Group-by},
  booktitle = {VLDB'99, Proceedings of 25th International Conference on Very Large
               Data Bases, September 7-10, 1999, Edinburgh, Scotland, {UK}},
  pages     = {30--41},
  publisher = {Morgan Kaufmann},
  year      = {1999},
  url       = {http://www.vldb.org/conf/1999/P3.pdf},
  timestamp = {Wed, 11 May 2022 08:53:25 +0200},
  biburl    = {https://dblp.org/rec/conf/vldb/KemperKW99.bib},
  bibsource = {dblp computer science bibliography, https://dblp.org}
}
@inproceedings{DBLP:conf/vldb/GraefeBC98,
  author    = {Goetz Graefe and
               Ross Bunker and
               Shaun Cooper},
  editor    = {Ashish Gupta and
               Oded Shmueli and
               Jennifer Widom},
  title     = {Hash Joins and Hash Teams in Microsoft {SQL} Server},
  booktitle = {VLDB'98, Proceedings of 24rd International Conference on Very Large
               Data Bases, August 24-27, 1998, New York City, New York, {USA}},
  pages     = {86--97},
  publisher = {Morgan Kaufmann},
  year      = {1998},
  url       = {http://www.vldb.org/conf/1998/p086.pdf},
  timestamp = {Thu, 12 Mar 2020 11:33:59 +0100},
  biburl    = {https://dblp.org/rec/conf/vldb/GraefeBC98.bib},
  bibsource = {dblp computer science bibliography, https://dblp.org}
}
@article{DBLP:journals/pvldb/MhedhbiS19,
  author    = {Amine Mhedhbi and
               Semih Salihoglu},
  title     = {Optimizing Subgraph Queries by Combining Binary and Worst-Case Optimal
               Joins},
  journal   = {Proc. {VLDB} Endow.},
  volume    = {12},
  number    = {11},
  pages     = {1692--1704},
  year      = {2019},
  url       = {http://www.vldb.org/pvldb/vol12/p1692-mhedhbi.pdf},
  doi       = {10.14778/3342263.3342643},
  timestamp = {Sat, 25 Apr 2020 13:58:37 +0200},
  biburl    = {https://dblp.org/rec/journals/pvldb/MhedhbiS19.bib},
  bibsource = {dblp computer science bibliography, https://dblp.org}
}
@article{DBLP:journals/pvldb/LeisGMBK015,
  author    = {Viktor Leis and
               Andrey Gubichev and
               Atanas Mirchev and
               Peter A. Boncz and
               Alfons Kemper and
               Thomas Neumann},
  title     = {How Good Are Query Optimizers, Really?},
  journal   = {Proc. {VLDB} Endow.},
  volume    = {9},
  number    = {3},
  pages     = {204--215},
  year      = {2015},
  url       = {http://www.vldb.org/pvldb/vol9/p204-leis.pdf},
  doi       = {10.14778/2850583.2850594},
  timestamp = {Sat, 25 Apr 2020 13:59:04 +0200},
  biburl    = {https://dblp.org/rec/journals/pvldb/LeisGMBK015.bib},
  bibsource = {dblp computer science bibliography, https://dblp.org}
}
@inproceedings{DBLP:conf/pods/000118,
  author    = {Hung Q. Ngo},
  editor    = {Jan Van den Bussche and
               Marcelo Arenas},
  title     = {Worst-Case Optimal Join Algorithms: Techniques, Results, and Open
               Problems},
  booktitle = {Proceedings of the 37th {ACM} {SIGMOD-SIGACT-SIGAI} Symposium on Principles
               of Database Systems, Houston, TX, USA, June 10-15, 2018},
  pages     = {111--124},
  publisher = {{ACM}},
  address   = {New York, NY, USA},
  year      = {2018},
  url       = {https://doi.org/10.1145/3196959.3196990},
  doi       = {10.1145/3196959.3196990},
  timestamp = {Wed, 21 Nov 2018 12:44:18 +0100},
  biburl    = {https://dblp.org/rec/conf/pods/000118.bib},
  bibsource = {dblp computer science bibliography, https://dblp.org}
}

@inproceedings{DBLP:conf/icdt/Veldhuizen14,
  author    = {Todd L. Veldhuizen},
  editor    = {Nicole Schweikardt and
               Vassilis Christophides and
               Vincent Leroy},
  title     = {Triejoin: {A} Simple, Worst-Case Optimal Join Algorithm},
  booktitle = {Proc. 17th International Conference on Database Theory (ICDT), Athens,
               Greece, March 24-28, 2014},
  pages     = {96--106},
  publisher = {OpenProceedings.org},
  address   = {Athens, Greece},
  year      = {2014},
  url       = {https://doi.org/10.5441/002/icdt.2014.13},
  doi       = {10.5441/002/icdt.2014.13},
  timestamp = {Tue, 16 Jan 2018 17:46:10 +0100},
  biburl    = {https://dblp.org/rec/conf/icdt/Veldhuizen14.bib},
  bibsource = {dblp computer science bibliography, https://dblp.org}
}

@inproceedings{DBLP:conf/pods/NgoPRR12,
  author    = {Hung Q. Ngo and
               Ely Porat and
               Christopher R{\'{e}} and
               Atri Rudra},
  editor    = {Michael Benedikt and
               Markus Kr{\"{o}}tzsch and
               Maurizio Lenzerini},
  title     = {Worst-case optimal join algorithms: [extended abstract]},
  booktitle = {Proceedings of the 31st {ACM} {SIGMOD-SIGACT-SIGART} Symposium on
               Principles of Database Systems, {PODS} 2012, Scottsdale, AZ, USA,
               May 20-24, 2012},
  pages     = {37--48},
  publisher = {{ACM}},
  year      = {2012},
  address   = {New York, NY, USA},
  url       = {https://doi.org/10.1145/2213556.2213565},
  doi       = {10.1145/2213556.2213565},
  timestamp = {Tue, 06 Nov 2018 16:58:02 +0100},
  biburl    = {https://dblp.org/rec/conf/pods/NgoPRR12.bib},
  bibsource = {dblp computer science bibliography, https://dblp.org}
}

@article{DBLP:journals/sigmod/NgoRR13,
  author    = {Hung Q. Ngo and
               Christopher R{\'{e}} and
               Atri Rudra},
  title     = {Skew strikes back: new developments in the theory of join algorithms},
  journal   = {{SIGMOD} Rec.},
  volume    = {42},
  number    = {4},
  pages     = {5--16},
  year      = {2013},
  url       = {https://doi.org/10.1145/2590989.2590991},
  doi       = {10.1145/2590989.2590991},
  timestamp = {Fri, 06 Mar 2020 21:55:55 +0100},
  biburl    = {https://dblp.org/rec/journals/sigmod/NgoRR13.bib},
  bibsource = {dblp computer science bibliography, https://dblp.org}
}

@article{DBLP:journals/pvldb/FreitagBSKN20,
  author    = {Michael J. Freitag and
               Maximilian Bandle and
               Tobias Schmidt and
               Alfons Kemper and
               Thomas Neumann},
  title     = {Adopting Worst-Case Optimal Joins in Relational Database Systems},
  journal   = {Proc. {VLDB} Endow.},
  volume    = {13},
  number    = {11},
  pages     = {1891--1904},
  year      = {2020},
  url       = {http://www.vldb.org/pvldb/vol13/p1891-freitag.pdf},
  timestamp = {Mon, 17 Aug 2020 18:32:39 +0200},
  biburl    = {https://dblp.org/rec/journals/pvldb/FreitagBSKN20.bib},
  bibsource = {dblp computer science bibliography, https://dblp.org}
}

@inproceedings{DBLP:conf/pods/Khamis0S17,
  author    = {Mahmoud Abo Khamis and
               Hung Q. Ngo and
               Dan Suciu},
  editor    = {Emanuel Sallinger and
               Jan Van den Bussche and
               Floris Geerts},
  title     = {What Do Shannon-type Inequalities, Submodular Width, and Disjunctive
               Datalog Have to Do with One Another?},
  booktitle = {Proceedings of the 36th {ACM} {SIGMOD-SIGACT-SIGAI} Symposium on Principles
               of Database Systems, {PODS} 2017, Chicago, IL, USA, May 14-19, 2017},
  pages     = {429--444},
  publisher = {{ACM}},
  year      = {2017},
  url       = {https://doi.org/10.1145/3034786.3056105},
  doi       = {10.1145/3034786.3056105},
  timestamp = {Thu, 14 Oct 2021 10:38:21 +0200},
  biburl    = {https://dblp.org/rec/conf/pods/Khamis0S17.bib},
  bibsource = {dblp computer science bibliography, https://dblp.org}
}

@article{DBLP:journals/tods/AbergerLTNOR17,
  author    = {Christopher R. Aberger and
               Andrew Lamb and
               Susan Tu and
               Andres N{\"{o}}tzli and
               Kunle Olukotun and
               Christopher R{\'{e}}},
  title     = {EmptyHeaded: {A} Relational Engine for Graph Processing},
  journal   = {{ACM} Trans. Database Syst.},
  volume    = {42},
  number    = {4},
  pages     = {20:1--20:44},
  year      = {2017},
  url       = {https://doi.org/10.1145/3129246},
  doi       = {10.1145/3129246},
  timestamp = {Mon, 16 Sep 2019 14:51:01 +0200},
  biburl    = {https://dblp.org/rec/journals/tods/AbergerLTNOR17.bib},
  bibsource = {dblp computer science bibliography, https://dblp.org}
}

@inproceedings{DBLP:conf/sigmod/HellersteinA00,
  author    = {Ron Avnur and
               Joseph M. Hellerstein},
  editor    = {Weidong Chen and
               Jeffrey F. Naughton and
               Philip A. Bernstein},
  title     = {Eddies: Continuously Adaptive Query Processing},
  booktitle = {Proceedings of the 2000 {ACM} {SIGMOD} International Conference on
               Management of Data, May 16-18, 2000, Dallas, Texas, {USA}},
  pages     = {261--272},
  publisher = {{ACM}},
  year      = {2000},
  url       = {https://doi.org/10.1145/342009.335420},
  doi       = {10.1145/342009.335420},
  timestamp = {Tue, 01 Jun 2021 15:22:37 +0200},
  biburl    = {https://dblp.org/rec/conf/sigmod/HellersteinA00.bib},
  bibsource = {dblp computer science bibliography, https://dblp.org}
}

@inproceedings{DBLP:conf/vldb/Yannakakis81,
  author    = {Mihalis Yannakakis},
  title     = {Algorithms for Acyclic Database Schemes},
  booktitle = {Very Large Data Bases, 7th International Conference, September 9-11,
               1981, Cannes, France, Proceedings},
  pages     = {82--94},
  publisher = {{IEEE} Computer Society},
  year      = {1981},
  timestamp = {Wed, 29 Mar 2017 16:45:23 +0200},
  biburl    = {https://dblp.org/rec/conf/vldb/Yannakakis81.bib},
  bibsource = {dblp computer science bibliography, https://dblp.org}
}

@article{DBLP:journals/pvldb/Neumann11,
  author    = {Thomas Neumann},
  title     = {Efficiently Compiling Efficient Query Plans for Modern Hardware},
  journal   = {Proc. {VLDB} Endow.},
  volume    = {4},
  number    = {9},
  pages     = {539--550},
  year      = {2011},
  url       = {http://www.vldb.org/pvldb/vol4/p539-neumann.pdf},
  doi       = {10.14778/2002938.2002940},
  timestamp = {Sat, 25 Apr 2020 13:58:50 +0200},
  biburl    = {https://dblp.org/rec/journals/pvldb/Neumann11.bib},
  bibsource = {dblp computer science bibliography, https://dblp.org}
}

@article{DBLP:journals/pvldb/KerstenLKNPB18,
  author    = {Timo Kersten and
               Viktor Leis and
               Alfons Kemper and
               Thomas Neumann and
               Andrew Pavlo and
               Peter A. Boncz},
  title     = {Everything You Always Wanted to Know About Compiled and Vectorized
               Queries But Were Afraid to Ask},
  journal   = {Proc. {VLDB} Endow.},
  volume    = {11},
  number    = {13},
  pages     = {2209--2222},
  year      = {2018},
  url       = {http://www.vldb.org/pvldb/vol11/p2209-kersten.pdf},
  doi       = {10.14778/3275366.3275370},
  timestamp = {Sat, 25 Apr 2020 13:58:37 +0200},
  biburl    = {https://dblp.org/rec/journals/pvldb/KerstenLKNPB18.bib},
  bibsource = {dblp computer science bibliography, https://dblp.org}
}

@inproceedings{DBLP:conf/icde/PadmanabhanAMJ01,
  author    = {Sriram Padmanabhan and
               Timothy Malkemus and
               Ramesh C. Agarwal and
               Anant Jhingran},
  editor    = {Dimitrios Georgakopoulos and
               Alexander Buchmann},
  title     = {Block Oriented Processing of Relational Database Operations in Modern
               Computer Architectures},
  booktitle = {Proceedings of the 17th International Conference on Data Engineering,
               April 2-6, 2001, Heidelberg, Germany},
  pages     = {567--574},
  publisher = {{IEEE} Computer Society},
  year      = {2001},
  url       = {https://doi.org/10.1109/ICDE.2001.914871},
  doi       = {10.1109/ICDE.2001.914871},
  timestamp = {Wed, 16 Oct 2019 14:14:56 +0200},
  biburl    = {https://dblp.org/rec/conf/icde/PadmanabhanAMJ01.bib},
  bibsource = {dblp computer science bibliography, https://dblp.org}
}

@article{DBLP:journals/pacmpl/KjolstadKCLA17,
  author    = {Fredrik Kjolstad and
               Shoaib Kamil and
               Stephen Chou and
               David Lugato and
               Saman P. Amarasinghe},
  title     = {The tensor algebra compiler},
  journal   = {Proc. {ACM} Program. Lang.},
  volume    = {1},
  number    = {{OOPSLA}},
  pages     = {77:1--77:29},
  year      = {2017},
  url       = {https://doi.org/10.1145/3133901},
  doi       = {10.1145/3133901},
  timestamp = {Sun, 02 Oct 2022 15:26:02 +0200},
  biburl    = {https://dblp.org/rec/journals/pacmpl/KjolstadKCLA17.bib},
  bibsource = {dblp computer science bibliography, https://dblp.org}
}

@article{DBLP:journals/jacm/Fagin83,
  author    = {Ronald Fagin},
  title     = {Degrees of Acyclicity for Hypergraphs and Relational Database Schemes},
  journal   = {J. {ACM}},
  volume    = {30},
  number    = {3},
  pages     = {514--550},
  year      = {1983},
  url       = {https://doi.org/10.1145/2402.322390},
  doi       = {10.1145/2402.322390},
  timestamp = {Tue, 06 Nov 2018 12:51:45 +0100},
  biburl    = {https://dblp.org/rec/journals/jacm/Fagin83.bib},
  bibsource = {dblp computer science bibliography, https://dblp.org}
}

@article{DBLP:journals/csur/Graefe93,
  author    = {Goetz Graefe},
  title     = {Query Evaluation Techniques for Large Databases},
  journal   = {{ACM} Comput. Surv.},
  volume    = {25},
  number    = {2},
  pages     = {73--170},
  year      = {1993},
  url       = {https://doi.org/10.1145/152610.152611},
  doi       = {10.1145/152610.152611},
  timestamp = {Tue, 06 Nov 2018 12:50:47 +0100},
  biburl    = {https://dblp.org/rec/journals/csur/Graefe93.bib},
  bibsource = {dblp computer science bibliography, https://dblp.org}
}

@inproceedings{DBLP:conf/cidr/RaasveldtM20,
  author    = {Mark Raasveldt and
               Hannes M{\"{u}}hleisen},
  title     = {Data Management for Data Science - Towards Embedded Analytics},
  booktitle = {10th Conference on Innovative Data Systems Research, {CIDR} 2020,
               Amsterdam, The Netherlands, January 12-15, 2020, Online Proceedings},
  publisher = {www.cidrdb.org},
  year      = {2020},
  url       = {http://cidrdb.org/cidr2020/papers/p23-raasveldt-cidr20.pdf},
  timestamp = {Mon, 18 Jul 2022 17:13:00 +0200},
  biburl    = {https://dblp.org/rec/conf/cidr/RaasveldtM20.bib},
  bibsource = {dblp computer science bibliography, https://dblp.org}
}

@inproceedings{DBLP:conf/vldb/Raasveldt22,
  author    = {Mark Raasveldt},
  editor    = {Satyanarayana R. Valluri and
               Mohamed Zait},
  title     = {DuckDB - {A} Modern Modular and Extensible Database System},
  booktitle = {1st International Workshop on Composable Data Management Systems,
               CDMS@VLDB 2022, Sydney, Australia, September 9, 2022},
  year      = {2022},
  url       = {https://cdmsworkshop.github.io/2022/Proceedings/Keynotes/Abstract\_MarkRaasveldt.pdf},
  timestamp = {Tue, 20 Sep 2022 17:56:33 +0200},
  biburl    = {https://dblp.org/rec/conf/vldb/Raasveldt22.bib},
  bibsource = {dblp computer science bibliography, https://dblp.org}
}

@article{DBLP:journals/siamcomp/AtseriasGM13,
  author    = {Albert Atserias and
               Martin Grohe and
               D{\'{a}}niel Marx},
  title     = {Size Bounds and Query Plans for Relational Joins},
  journal   = {{SIAM} J. Comput.},
  volume    = {42},
  number    = {4},
  pages     = {1737--1767},
  year      = {2013},
  url       = {https://doi.org/10.1137/110859440},
  doi       = {10.1137/110859440},
  timestamp = {Thu, 08 Jun 2017 08:59:24 +0200},
  biburl    = {https://dblp.org/rec/journals/siamcomp/AtseriasGM13.bib},
  bibsource = {dblp computer science bibliography, https://dblp.org}
}

@article{DBLP:journals/ftdb/AbadiBHIM13,
  author    = {Daniel Abadi and
               Peter A. Boncz and
               Stavros Harizopoulos and
               Stratos Idreos and
               Samuel Madden},
  title     = {The Design and Implementation of Modern Column-Oriented Database Systems},
  journal   = {Found. Trends Databases},
  volume    = {5},
  number    = {3},
  pages     = {197--280},
  year      = {2013},
  url       = {https://doi.org/10.1561/1900000024},
  doi       = {10.1561/1900000024},
  timestamp = {Sat, 25 Apr 2020 14:00:54 +0200},
  biburl    = {https://dblp.org/rec/journals/ftdb/AbadiBHIM13.bib},
  bibsource = {dblp computer science bibliography, https://dblp.org}
}

@inproceedings{DBLP:conf/cidr/IdreosKM07,
  author    = {Stratos Idreos and
               Martin L. Kersten and
               Stefan Manegold},
  title     = {Database Cracking},
  booktitle = {Third Biennial Conference on Innovative Data Systems Research, {CIDR}
               2007, Asilomar, CA, USA, January 7-10, 2007, Online Proceedings},
  pages     = {68--78},
  publisher = {www.cidrdb.org},
  year      = {2007},
  url       = {http://cidrdb.org/cidr2007/papers/cidr07p07.pdf},
  timestamp = {Mon, 18 Jul 2022 17:13:00 +0200},
  biburl    = {https://dblp.org/rec/conf/cidr/IdreosKM07.bib},
  bibsource = {dblp computer science bibliography, https://dblp.org}
}

@inproceedings{DBLP:conf/sigmod/IdreosKM07,
  author    = {Stratos Idreos and
               Martin L. Kersten and
               Stefan Manegold},
  editor    = {Chee Yong Chan and
               Beng Chin Ooi and
               Aoying Zhou},
  title     = {Updating a cracked database},
  booktitle = {Proceedings of the {ACM} {SIGMOD} International Conference on Management
               of Data, Beijing, China, June 12-14, 2007},
  pages     = {413--424},
  publisher = {{ACM}},
  year      = {2007},
  url       = {https://doi.org/10.1145/1247480.1247527},
  doi       = {10.1145/1247480.1247527},
  timestamp = {Thu, 11 Mar 2021 15:20:15 +0100},
  biburl    = {https://dblp.org/rec/conf/sigmod/IdreosKM07.bib},
  bibsource = {dblp computer science bibliography, https://dblp.org}
}

@inproceedings{DBLP:conf/sigmod/SelingerACLP79,
  author    = {Patricia G. Selinger and
               Morton M. Astrahan and
               Donald D. Chamberlin and
               Raymond A. Lorie and
               Thomas G. Price},
  editor    = {Philip A. Bernstein},
  title     = {Access Path Selection in a Relational Database Management System},
  booktitle = {Proceedings of the 1979 {ACM} {SIGMOD} International Conference on
               Management of Data, Boston, Massachusetts, USA, May 30 - June 1},
  pages     = {23--34},
  publisher = {{ACM}},
  year      = {1979},
  url       = {https://doi.org/10.1145/582095.582099},
  doi       = {10.1145/582095.582099},
  timestamp = {Thu, 11 Mar 2021 15:20:15 +0100},
  biburl    = {https://dblp.org/rec/conf/sigmod/SelingerACLP79.bib},
  bibsource = {dblp computer science bibliography, https://dblp.org}
}

% SPORES bib

@incollection{DBLP:reference/bdt/Boehm19,
  author    = {Matthias Boehm},
  title     = {Apache SystemML},
  year      = 2019,
  booktitle = {Encyclopedia of Big Data Technologies},
  doi       = {10.1007/978-3-319-63962-8\_187-1},
  url       = {https://doi.org/10.1007/978-3-319-63962-8\_187-1},
  crossref  = {DBLP:reference/bdt/2019},
  timestamp = {Mon, 18 Feb 2019 15:08:10 +0100},
  biburl    = {https://dblp.org/rec/bib/reference/bdt/Boehm19},
  bibsource = {dblp computer science bibliography, https://dblp.org}
}

@book{DBLP:reference/bdt/2019,
  editor    = {Sherif Sakr and
               Albert Y. Zomaya},
  title     = {Encyclopedia of Big Data Technologies},
  publisher = {Springer},
  year      = {2019},
  url       = {https://doi.org/10.1007/978-3-319-63962-8},
  doi       = {10.1007/978-3-319-63962-8},
  isbn      = {978-3-319-63962-8},
  timestamp = {Thu, 14 Feb 2019 16:03:55 +0100},
  biburl    = {https://dblp.org/rec/bib/reference/bdt/2019},
  bibsource = {dblp computer science bibliography, https://dblp.org}
}

@inproceedings{DBLP:conf/sigmod/SchleichOC16,
  author    = {Maximilian Schleich and
               Dan Olteanu and
               Radu Ciucanu},
  title     = {Learning Linear Regression Models over Factorized Joins},
  booktitle = {Proceedings of the 2016 International Conference on Management of
               Data, {SIGMOD} Conference 2016, San Francisco, CA, USA, June 26 -
               July 01, 2016},
  pages     = {3--18},
  year      = {2016},
  crossref  = {DBLP:conf/sigmod/2016},
  url       = {https://doi.org/10.1145/2882903.2882939},
  doi       = {10.1145/2882903.2882939},
  timestamp = {Wed, 14 Nov 2018 10:56:20 +0100},
  biburl    = {https://dblp.org/rec/bib/conf/sigmod/SchleichOC16},
  bibsource = {dblp computer science bibliography, https://dblp.org}
}
@proceedings{DBLP:conf/sigmod/2016,
  editor    = {Fatma {\"{O}}zcan and
               Georgia Koutrika and
               Sam Madden},
  title     = {Proceedings of the 2016 International Conference on Management of
               Data, {SIGMOD} Conference 2016, San Francisco, CA, USA, June 26 -
               July 01, 2016},
  publisher = {{ACM}},
  year      = {2016},
  url       = {https://doi.org/10.1145/2882903},
  doi       = {10.1145/2882903},
  isbn      = {978-1-4503-3531-7},
  timestamp = {Wed, 14 Nov 2018 10:56:20 +0100},
  biburl    = {https://dblp.org/rec/bib/conf/sigmod/2016},
  bibsource = {dblp computer science bibliography, https://dblp.org}
}
@article{DBLP:journals/corr/NgoNOS17,
  author        = {Mahmoud Abo Khamis and
                   Hung Q. Ngo and
                   XuanLong Nguyen and
                   Dan Olteanu and
                   Maximilian Schleich},
  title         = {In-Database Learning with Sparse Tensors},
  journal       = {CoRR},
  volume        = {abs/1703.04780},
  year          = {2017},
  url           = {http://arxiv.org/abs/1703.04780},
  archiveprefix = {arXiv},
  eprint        = {1703.04780},
  timestamp     = {Mon, 13 Aug 2018 16:46:36 +0200},
  biburl        = {https://dblp.org/rec/bib/journals/corr/NgoNOS17},
  bibsource     = {dblp computer science bibliography, https://dblp.org}
}

@article{DBLP:journals/corr/HutchisonHS17,
  author        = {Dylan Hutchison and
                   Bill Howe and
                   Dan Suciu},
  title         = {LaraDB: {A} Minimalist Kernel for Linear and Relational Algebra Computation},
  journal       = {CoRR},
  volume        = {abs/1703.07342},
  year          = {2017},
  url           = {http://arxiv.org/abs/1703.07342},
  archiveprefix = {arXiv},
  eprint        = {1703.07342},
  timestamp     = {Mon, 13 Aug 2018 16:47:52 +0200},
  biburl        = {https://dblp.org/rec/bib/journals/corr/HutchisonHS17},
  bibsource     = {dblp computer science bibliography, https://dblp.org}
}

@inproceedings{DBLP:conf/sigmod/LiC019,
  author    = {Side Li and
               Lingjiao Chen and
               Arun Kumar},
  title     = {Enabling and Optimizing Non-linear Feature Interactions in Factorized
               Linear Algebra},
  booktitle = {Proceedings of the 2019 International Conference on Management of
               Data, {SIGMOD} Conference 2019, Amsterdam, The Netherlands, June 30
               - July 5, 2019},
  pages     = {1571--1588},
  year      = {2019},
  crossref  = {DBLP:conf/sigmod/2019},
  url       = {https://doi.org/10.1145/3299869.3319878},
  doi       = {10.1145/3299869.3319878},
  timestamp = {Sat, 22 Jun 2019 17:10:04 +0200},
  biburl    = {https://dblp.org/rec/bib/conf/sigmod/LiC019},
  bibsource = {dblp computer science bibliography, https://dblp.org}
}

@article{DBLP:journals/pvldb/BoehmRHSEP18,
  author    = {Matthias Boehm and
               Berthold Reinwald and
               Dylan Hutchison and
               Prithviraj Sen and
               Alexandre V. Evfimievski and
               Niketan Pansare},
  title     = {On Optimizing Operator Fusion Plans for Large-Scale Machine Learning
               in SystemML},
  journal   = {{PVLDB}},
  volume    = {11},
  number    = {12},
  pages     = {1755--1768},
  year      = {2018},
  url       = {http://www.vldb.org/pvldb/vol11/p1755-boehm.pdf},
  doi       = {10.14778/3229863.3229865},
  timestamp = {Fri, 30 Nov 2018 11:58:40 +0100},
  biburl    = {https://dblp.org/rec/bib/journals/pvldb/BoehmRHSEP18},
  bibsource = {dblp computer science bibliography, https://dblp.org}
}

@inproceedings{DBLP:conf/icml/SujeethLBRCWAOO11,
  author    = {Arvind K. Sujeeth and HyoukJoong Lee and Kevin J. Brown and
               Tiark Rompf and Hassan Chafi and Michael Wu and Anand R.
               Atreya and Martin Odersky and Kunle Olukotun},
  title     = {OptiML: An Implicitly Parallel Domain-Specific Language for
               Machine Learning},
  year      = 2011,
  booktitle = {Proceedings of the 28th International Conference on Machine
               Learning, {ICML} 2011, Bellevue, Washington, USA, June 28 -
               July 2, 2011},
  pages     = {609-616},
  url       = {https://icml.cc/2011/papers/373\_icmlpaper.pdf},
  crossref  = {DBLP:conf/icml/2011},
  timestamp = {Wed, 03 Apr 2019 17:43:35 +0200},
  biburl    = {https://dblp.org/rec/bib/conf/icml/SujeethLBRCWAOO11},
  bibsource = {dblp computer science bibliography, https://dblp.org}
}

@proceedings{DBLP:conf/icml/2011,
  editor    = {Lise Getoor and
               Tobias Scheffer},
  title     = {Proceedings of the 28th International Conference on Machine Learning,
               {ICML} 2011, Bellevue, Washington, USA, June 28 - July 2, 2011},
  publisher = {Omnipress},
  year      = {2011},
  timestamp = {Wed, 29 Mar 2017 16:45:25 +0200},
  biburl    = {https://dblp.org/rec/bib/conf/icml/2011},
  bibsource = {dblp computer science bibliography, https://dblp.org}
}

@inproceedings{DBLP:conf/sigmod/HuangB013,
  author    = {Botong Huang and Shivnath Babu and Jun Yang},
  title     = {Cumulon: optimizing statistical data analysis in the cloud},
  year      = 2013,
  booktitle = {Proceedings of the {ACM} {SIGMOD} International Conference on
               Management of Data, {SIGMOD} 2013, New York, NY, USA, June
               22-27, 2013},
  pages     = {1-12},
  doi       = {10.1145/2463676.2465273},
  url       = {https://doi.org/10.1145/2463676.2465273},
  crossref  = {DBLP:conf/sigmod/2013},
  timestamp = {Tue, 06 Nov 2018 11:07:38 +0100},
  biburl    = {https://dblp.org/rec/bib/conf/sigmod/HuangB013},
  bibsource = {dblp computer science bibliography, https://dblp.org}
}

@proceedings{DBLP:conf/sigmod/2013,
  editor    = {Kenneth A. Ross and
               Divesh Srivastava and
               Dimitris Papadias},
  title     = {Proceedings of the {ACM} {SIGMOD} International Conference on Management
               of Data, {SIGMOD} 2013, New York, NY, USA, June 22-27, 2013},
  publisher = {{ACM}},
  year      = {2013},
  url       = {http://dl.acm.org/citation.cfm?id=2463676},
  isbn      = {978-1-4503-2037-5},
  timestamp = {Wed, 26 Jun 2013 08:41:29 +0200},
  biburl    = {https://dblp.org/rec/bib/conf/sigmod/2013},
  bibsource = {dblp computer science bibliography, https://dblp.org}
}
@article{DBLP:journals/corr/abs-1012-1802,
  author    = {Ross Tate and Michael Stepp and Zachary Tatlock and Sorin
               Lerner},
  title     = {Equality Saturation: {A} New Approach to Optimization},
  year      = 2011,
  volume    = 7,
  number    = 1,
  doi       = {10.2168/LMCS-7(1:10)2011},
  url       = {https://doi.org/10.2168/LMCS-7(1:10)2011},
  journal   = {Logical Methods in Computer Science},
  timestamp = {Tue, 14 May 2019 16:31:23 +0200},
  biburl    = {https://dblp.org/rec/bib/journals/corr/abs-1012-1802},
  bibsource = {dblp computer science bibliography, https://dblp.org}
}

@inproceedings{DBLP:conf/pldi/JoshiNR02,
  author    = {Rajeev Joshi and Greg Nelson and Keith H. Randall},
  title     = {Denali: {A} Goal-directed Superoptimizer},
  year      = 2002,
  booktitle = {Proceedings of the 2002 {ACM} {SIGPLAN} Conference on
               Programming Language Design and Implementation (PLDI), Berlin,
               Germany, June 17-19, 2002},
  pages     = {304-314},
  doi       = {10.1145/512529.512566},
  url       = {https://doi.org/10.1145/512529.512566},
  crossref  = {DBLP:conf/pldi/2002},
  timestamp = {Tue, 06 Nov 2018 16:59:30 +0100},
  biburl    = {https://dblp.org/rec/bib/conf/pldi/JoshiNR02},
  bibsource = {dblp computer science bibliography, https://dblp.org}
}

@proceedings{DBLP:conf/pldi/2002,
  editor    = {Jens Knoop and
               Laurie J. Hendren},
  title     = {Proceedings of the 2002 {ACM} {SIGPLAN} Conference on Programming
               Language Design and Implementation (PLDI), Berlin, Germany, June 17-19,
               2002},
  publisher = {{ACM}},
  year      = {2002},
  url       = {http://dl.acm.org/citation.cfm?id=512529},
  isbn      = {1-58113-463-0},
  timestamp = {Mon, 21 May 2012 16:19:53 +0200},
  biburl    = {https://dblp.org/rec/bib/conf/pldi/2002},
  bibsource = {dblp computer science bibliography, https://dblp.org}
}


@proceedings{DBLP:conf/pods/2007,
  editor    = {Leonid Libkin},
  title     = {Proceedings of the Twenty-Sixth {ACM} {SIGACT-SIGMOD-SIGART} Symposium
               on Principles of Database Systems, June 11-13, 2007, Beijing, China},
  publisher = {{ACM}},
  year      = {2007},
  url       = {http://dl.acm.org/citation.cfm?id=1265530},
  isbn      = {978-1-59593-685-1},
  timestamp = {Wed, 23 May 2012 16:53:24 +0200},
  biburl    = {https://dblp.org/rec/bib/conf/pods/2007},
  bibsource = {dblp computer science bibliography, https://dblp.org}
}

@phdthesis{10.5555/909447,
  author    = {Nelson, Charles Gregory},
  title     = {Techniques for Program Verification},
  year      = {1980},
  publisher = {Stanford University},
  school    = {Stanford University},
  address   = {Stanford, CA, USA},
  note      = {AAI8011683}
}

@article{DBLP:journals/ai/Forgy82,
  author    = {Charles Forgy},
  title     = {Rete: {A} Fast Algorithm for the Many Patterns/Many Objects
               Match Problem},
  year      = 1982,
  volume    = 19,
  number    = 1,
  pages     = {17-37},
  doi       = {10.1016/0004-3702(82)90020-0},
  url       = {https://doi.org/10.1016/0004-3702(82)90020-0},
  journal   = {Artif. Intell.},
  timestamp = {Wed, 14 Nov 2018 10:49:59 +0100},
  biburl    = {https://dblp.org/rec/bib/journals/ai/Forgy82},
  bibsource = {dblp computer science bibliography, https://dblp.org}
}

@misc{EGG,
  author       = {Max Willsey},
  title        = {egg: egraphs good},
  publisher    = {GitHub},
  journal      = {GitHub repository},
  howpublished = {\url{https://github.com/mwillsey/egg}}
}

@misc{willsey2020egg,
  title         = {egg: Easy, Efficient, and Extensible E-graphs},
  author        = {Max Willsey and Yisu Remy Wang and Oliver Flatt and Chandrakana Nandi and Pavel Panchekha and Zachary Tatlock},
  year          = {2020},
  eprint        = {2004.03082},
  archiveprefix = {arXiv},
  primaryclass  = {cs.PL}
}

@misc{gurobi,
  author = {Gurobi Optimization, LLC},
  title  = {Gurobi Optimizer Reference Manual},
  year   = 2019,
  url    = {http://www.gurobi.com}
}

@book{abramowitz+stegun,
  added-at    = {2008-06-25T06:25:58.000+0200},
  address     = {New York},
  author      = {Abramowitz, Milton and Stegun, Irene A.},
  biburl      = {https://www.bibsonomy.org/bibtex/223ec744709b3a776a1af0a3fd65cd09f/a_olympia},
  description = {BibTeX - Wikipedia, the free encyclopedia},
  edition     = {ninth Dover printing, tenth GPO printing},
  interhash   = {d4914a420f489f7c5129ed01ec3cf80c},
  intrahash   = {23ec744709b3a776a1af0a3fd65cd09f},
  keywords    = {Handbook},
  publisher   = {Dover},
  timestamp   = {2008-06-25T06:25:58.000+0200},
  title       = {Handbook of Mathematical Functions with Formulas, Graphs, and Mathematical Tables},
  year        = 1964
}

@article{Graefe95a,
  author  = {Goetz Graefe},
  title   = {{The Cascades Framework for Query Optimization}},
  journal = {{IEEE} Data Eng. Bull.},
  volume  = {18},
  number  = {3},
  year    = {1995}
}

@inproceedings{MoerkotteN06,
  author    = {Guido Moerkotte and
               Thomas Neumann},
  title     = {{Analysis of Two Existing and One New Dynamic Programming Algorithm
               for the Generation of Optimal Bushy Join Trees without Cross Products}},
  booktitle = {VLDB},
  year      = {2006}
}

@inproceedings{MoerkotteN08,
  author    = {Guido Moerkotte and
               Thomas Neumann},
  title     = {{Dynamic Programming Strikes Back}},
  booktitle = {{SIGMOD}},
  year      = {2008}
}

@inproceedings{selinger1979access,
  title        = {Access path selection in a relational database management system},
  author       = {Selinger, P Griffiths and Astrahan, Morton M and Chamberlin, Donald D and Lorie, Raymond A and Price, Thomas G},
  booktitle    = {Proceedings of the 1979 ACM SIGMOD international conference on Management of data},
  pages        = {23--34},
  year         = {1979},
  organization = {ACM}
}

@inproceedings{KhamisNR16,
  author       = {Mahmoud Abo Khamis and
                  Hung Q. Ngo and
                  Atri Rudra},
  title        = {{FAQ: Questions Asked Frequently}},
  booktitle    = {{PODS}},
  year         = {2016},
  organization = {ACM}
}

@inproceedings{Joglekar2016AJARAA,
  title        = {AJAR: Aggregations and Joins over Annotated Relations},
  author       = {Manas R. Joglekar and Rohan Puttagunta and Christopher R{\'e}},
  booktitle    = {PODS},
  year         = {2016},
  organization = {ACM}
}

@inproceedings{ElgamalLBETRS17,
  author    = {Tarek Elgamal and
               Shangyu Luo and
               Matthias Boehm and
               Alexandre V. Evfimievski and
               Shirish Tatikonda and
               Berthold Reinwald and
               Prithviraj Sen},
  title     = {{SPOOF: Sum-Product Optimization and Operator Fusion for Large-Scale
               Machine Learning}},
  booktitle = {{CIDR}},
  year      = {2017}
}
@article{boehm2014systemml,
  title   = {{SystemML}'s Optimizer: Plan Generation for Large-Scale Machine Learning Programs.},
  author  = {Boehm, Matthias and Burdick, Douglas R and Evfimievski, Alexandre V and Reinwald, Berthold and Reiss, Frederick R and Sen, Prithviraj and Tatikonda, Shirish and Tian, Yuanyuan},
  journal = {IEEE Data Eng. Bull.},
  volume  = {37},
  number  = {3},
  pages   = {52--62},
  year    = {2014}
}

@inproceedings{Kathuria017,
  author    = {Tarun Kathuria and
               S. Sudarshan},
  title     = {{Efficient and Provable Multi-Query Optimization}},
  booktitle = {{PODS}},
  year      = {2017}
}

@inproceedings{DBLP:conf/pods/ChaudhuriV93,
  author    = {Surajit Chaudhuri and
               Moshe Y. Vardi},
  title     = {Optimization of \emph{Real} Conjunctive Queries},
  booktitle = {Proceedings of the Twelfth {ACM} {SIGACT-SIGMOD-SIGART} Symposium
               on Principles of Database Systems, May 25-28, 1993, Washington, DC,
               {USA}},
  pages     = {59--70},
  year      = {1993},
  url       = {https://doi.org/10.1145/153850.153856},
  doi       = {10.1145/153850.153856},
  timestamp = {Tue, 06 Nov 2018 16:58:02 +0100},
  biburl    = {https://dblp.org/rec/bib/conf/pods/ChaudhuriV93},
  bibsource = {dblp computer science bibliography, https://dblp.org}
}

@article{DBLP:journals/tocl/CohenSN05,
  author    = {Sara Cohen and
               Yehoshua Sagiv and
               Werner Nutt},
  title     = {Equivalences among aggregate queries with negation},
  journal   = {{ACM} Trans. Comput. Log.},
  volume    = {6},
  number    = {2},
  pages     = {328--360},
  year      = {2005},
  url       = {https://doi.org/10.1145/1055686.1055691},
  doi       = {10.1145/1055686.1055691},
  timestamp = {Tue, 06 Nov 2018 12:51:53 +0100},
  biburl    = {https://dblp.org/rec/bib/journals/tocl/CohenSN05},
  bibsource = {dblp computer science bibliography, https://dblp.org}
}

@article{DBLP:journals/tods/IoannidisR95,
  author    = {Yannis E. Ioannidis and
               Raghu Ramakrishnan},
  title     = {Containment of Conjunctive Queries: Beyond Relations as Sets},
  journal   = {{ACM} Trans. Database Syst.},
  volume    = {20},
  number    = {3},
  pages     = {288--324},
  year      = {1995},
  url       = {https://doi.org/10.1145/211414.211419},
  doi       = {10.1145/211414.211419},
  timestamp = {Tue, 06 Nov 2018 12:51:47 +0100},
  biburl    = {https://dblp.org/rec/bib/journals/tods/IoannidisR95},
  bibsource = {dblp computer science bibliography, https://dblp.org}
}
@inproceedings{DBLP:conf/icde/GraefeM93,
  author    = {Goetz Graefe and
               William J. McKenna},
  title     = {The Volcano Optimizer Generator: Extensibility and Efficient Search},
  booktitle = {Proceedings of the Ninth International Conference on Data Engineering,
               April 19-23, 1993, Vienna, Austria},
  pages     = {209--218},
  year      = {1993},
  crossref  = {DBLP:conf/icde/93},
  url       = {https://doi.org/10.1109/ICDE.1993.344061},
  doi       = {10.1109/ICDE.1993.344061},
  timestamp = {Wed, 16 Oct 2019 14:14:56 +0200},
  biburl    = {https://dblp.org/rec/bib/conf/icde/GraefeM93},
  bibsource = {dblp computer science bibliography, https://dblp.org}
}
@proceedings{DBLP:conf/icde/93,
  title     = {Proceedings of the Ninth International Conference on Data Engineering,
               April 19-23, 1993, Vienna, Austria},
  publisher = {{IEEE} Computer Society},
  year      = {1993},
  url       = {https://ieeexplore.ieee.org/xpl/conhome/907/proceeding},
  isbn      = {0-8186-3570-3},
  timestamp = {Wed, 16 Oct 2019 14:14:56 +0200},
  biburl    = {https://dblp.org/rec/bib/conf/icde/93},
  bibsource = {dblp computer science bibliography, https://dblp.org}
}

@inproceedings{DBLP:conf/pldi/PanchekhaSWT15,
  author    = {Pavel Panchekha and
               Alex Sanchez{-}Stern and
               James R. Wilcox and
               Zachary Tatlock},
  title     = {Automatically improving accuracy for floating point expressions},
  booktitle = {Proceedings of the 36th {ACM} {SIGPLAN} Conference on Programming
               Language Design and Implementation, Portland, OR, USA, June 15-17,
               2015},
  pages     = {1--11},
  year      = {2015},
  crossref  = {DBLP:conf/pldi/2015},
  url       = {https://doi.org/10.1145/2737924.2737959},
  doi       = {10.1145/2737924.2737959},
  timestamp = {Tue, 06 Nov 2018 16:59:30 +0100},
  biburl    = {https://dblp.org/rec/bib/conf/pldi/PanchekhaSWT15},
  bibsource = {dblp computer science bibliography, https://dblp.org}
}
@proceedings{DBLP:conf/pldi/2015,
  editor    = {David Grove and
               Steve Blackburn},
  title     = {Proceedings of the 36th {ACM} {SIGPLAN} Conference on Programming
               Language Design and Implementation, Portland, OR, USA, June 15-17,
               2015},
  publisher = {{ACM}},
  year      = {2015},
  url       = {http://dl.acm.org/citation.cfm?id=2737924},
  isbn      = {978-1-4503-3468-6},
  timestamp = {Fri, 05 Jun 2015 07:23:07 +0200},
  biburl    = {https://dblp.org/rec/bib/conf/pldi/2015},
  bibsource = {dblp computer science bibliography, https://dblp.org}
}

@article{DBLP:journals/corr/abs-1909-12252,
  author        = {Chandrakana Nandi and
                   Adam Anderson and
                   Max Willsey and
                   James R. Wilcox and
                   Eva Darulova and
                   Dan Grossman and
                   Zachary Tatlock},
  title         = {Using E-Graphs for {CAD} Parameter Inference},
  journal       = {CoRR},
  volume        = {abs/1909.12252},
  year          = {2019},
  url           = {http://arxiv.org/abs/1909.12252},
  archiveprefix = {arXiv},
  eprint        = {1909.12252},
  timestamp     = {Fri, 27 Sep 2019 13:04:21 +0200},
  biburl        = {https://dblp.org/rec/bib/journals/corr/abs-1909-12252},
  bibsource     = {dblp computer science bibliography, https://dblp.org}
}

@inproceedings{DBLP:conf/asplos/Solar-LezamaTBSS06,
  author    = {Armando Solar{-}Lezama and
               Liviu Tancau and
               Rastislav Bod{\'{\i}}k and
               Sanjit A. Seshia and
               Vijay A. Saraswat},
  title     = {Combinatorial sketching for finite programs},
  booktitle = {Proceedings of the 12th International Conference on Architectural
               Support for Programming Languages and Operating Systems, {ASPLOS}
               2006, San Jose, CA, USA, October 21-25, 2006},
  pages     = {404--415},
  year      = {2006},
  crossref  = {DBLP:conf/asplos/2006},
  url       = {https://doi.org/10.1145/1168857.1168907},
  doi       = {10.1145/1168857.1168907},
  timestamp = {Tue, 06 Nov 2018 11:07:41 +0100},
  biburl    = {https://dblp.org/rec/bib/conf/asplos/Solar-LezamaTBSS06},
  bibsource = {dblp computer science bibliography, https://dblp.org}
}
@proceedings{DBLP:conf/asplos/2006,
  editor    = {John Paul Shen and
               Margaret Martonosi},
  title     = {Proceedings of the 12th International Conference on Architectural
               Support for Programming Languages and Operating Systems, {ASPLOS}
               2006, San Jose, CA, USA, October 21-25, 2006},
  publisher = {{ACM}},
  year      = {2006},
  isbn      = {1-59593-451-0},
  timestamp = {Tue, 15 May 2007 09:22:32 +0200},
  biburl    = {https://dblp.org/rec/bib/conf/asplos/2006},
  bibsource = {dblp computer science bibliography, https://dblp.org}
}

@inproceedings{DBLP:conf/sigmod/Trummer017,
  author    = {Immanuel Trummer and
               Christoph Koch},
  title     = {Solving the Join Ordering Problem via Mixed Integer Linear Programming},
  booktitle = {Proceedings of the 2017 {ACM} International Conference on Management
               of Data, {SIGMOD} Conference 2017, Chicago, IL, USA, May 14-19, 2017},
  pages     = {1025--1040},
  year      = {2017},
  crossref  = {DBLP:conf/sigmod/2017},
  url       = {https://doi.org/10.1145/3035918.3064039},
  doi       = {10.1145/3035918.3064039},
  timestamp = {Tue, 06 Nov 2018 11:07:38 +0100},
  biburl    = {https://dblp.org/rec/bib/conf/sigmod/Trummer017},
  bibsource = {dblp computer science bibliography, https://dblp.org}
}
@proceedings{DBLP:conf/sigmod/2017,
  editor    = {Semih Salihoglu and
               Wenchao Zhou and
               Rada Chirkova and
               Jun Yang and
               Dan Suciu},
  title     = {Proceedings of the 2017 {ACM} International Conference on Management
               of Data, {SIGMOD} Conference 2017, Chicago, IL, USA, May 14-19, 2017},
  publisher = {{ACM}},
  year      = {2017},
  url       = {http://dl.acm.org/citation.cfm?id=3035918},
  isbn      = {978-1-4503-4197-4},
  timestamp = {Wed, 10 May 2017 22:12:12 +0200},
  biburl    = {https://dblp.org/rec/bib/conf/sigmod/2017},
  bibsource = {dblp computer science bibliography, https://dblp.org}
}
@article{SPORESarxiv,
  author        = {Yisu Remy Wang and Shana Hutchison and Jonathan Leang and Bill
                   Howe and Dan Suciu},
  title         = {{SPORES:} Sum-Product Optimization via Relational Equality
                   Saturation for Large Scale Linear Algebra},
  year          = 2020,
  volume        = {abs/2002.07951},
  eprint        = {2002.07951},
  url           = {https://arxiv.org/abs/2002.07951},
  journal       = {CoRR},
  archiveprefix = {arXiv},
  timestamp     = {Mon, 02 Mar 2020 16:46:06 +0100},
  biburl        = {https://dblp.org/rec/journals/corr/abs-2002-07951.bib},
  bibsource     = {dblp computer science bibliography, https://dblp.org}
}

@inproceedings{DBLP:conf/www/HeM16,
  author    = {Ruining He and Julian J. McAuley},
  title     = {Ups and Downs: Modeling the Visual Evolution of Fashion Trends
               with One-Class Collaborative Filtering},
  year      = 2016,
  booktitle = {Proceedings of the 25th International Conference on World Wide
               Web, {WWW} 2016, Montreal, Canada, April 11 - 15, 2016},
  pages     = {507-517},
  doi       = {10.1145/2872427.2883037},
  url       = {https://doi.org/10.1145/2872427.2883037},
  crossref  = {DBLP:conf/www/2016},
  timestamp = {Mon, 22 Jul 2019 19:11:01 +0200},
  biburl    = {https://dblp.org/rec/conf/www/HeM16.bib},
  bibsource = {dblp computer science bibliography, https://dblp.org}
}

@proceedings{DBLP:conf/www/2016,
  editor    = {Jacqueline Bourdeau and
               Jim Hendler and
               Roger Nkambou and
               Ian Horrocks and
               Ben Y. Zhao},
  title     = {Proceedings of the 25th International Conference on World Wide Web,
               {WWW} 2016, Montreal, Canada, April 11 - 15, 2016},
  publisher = {{ACM}},
  year      = {2016},
  url       = {http://dl.acm.org/citation.cfm?id=2872427},
  isbn      = {978-1-4503-4143-1},
  timestamp = {Sun, 10 Apr 2016 10:51:59 +0200},
  biburl    = {https://dblp.org/rec/conf/www/2016.bib},
  bibsource = {dblp computer science bibliography, https://dblp.org}
}


@misc{flights,
  author       = {American Statistical Association (ASA)},
  title        = {Airline on-time performance dataset},
  howpublished = {\url{stat-computing.org/dataexpo/2009/the-data.html}}
}

@misc{netflix,
  author       = {Kaggle},
  title        = {Netflix Prize Data},
  howpublished = {\url{kaggle.com/netflix-inc/ netflix-prize-data}}
}


@misc{mnist,
  author       = {Leon Bottou},
  title        = {The infinite MNIST dataset},
  howpublished = {\url{leon.bottou.org/ projects/infimnist}}
}

@inproceedings{DBLP:conf/edbt/KernertKL15,
  author    = {David Kernert and Frank K{\"{o}}hler and Wolfgang Lehner},
  title     = {SpMacho - Optimizing Sparse Linear Algebra Expressions with
               Probabilistic Density Estimation},
  year      = 2015,
  booktitle = {Proceedings of the 18th International Conference on Extending
               Database Technology, {EDBT} 2015, Brussels, Belgium, March
               23-27, 2015},
  pages     = {289-300},
  doi       = {10.5441/002/edbt.2015.26},
  url       = {https://doi.org/10.5441/002/edbt.2015.26},
  crossref  = {DBLP:conf/edbt/2015},
  timestamp = {Mon, 25 Dec 2017 02:18:30 +0100},
  biburl    = {https://dblp.org/rec/conf/edbt/KernertKL15.bib},
  bibsource = {dblp computer science bibliography, https://dblp.org}
}

@proceedings{DBLP:conf/edbt/2015,
  editor    = {Gustavo Alonso and
               Floris Geerts and
               Lucian Popa and
               Pablo Barcel{\'{o}} and
               Jens Teubner and
               Mart{\'{\i}}n Ugarte and
               Jan Van den Bussche and
               Jan Paredaens},
  title     = {Proceedings of the 18th International Conference on Extending Database
               Technology, {EDBT} 2015, Brussels, Belgium, March 23-27, 2015},
  publisher = {OpenProceedings.org},
  year      = {2015},
  timestamp = {Mon, 25 Dec 2017 02:18:30 +0100},
  biburl    = {https://dblp.org/rec/conf/edbt/2015.bib},
  bibsource = {dblp computer science bibliography, https://dblp.org}
}

@inproceedings{DBLP:conf/europar/KotlyarPS97,
  author    = {Vladimir Kotlyar and Keshav Pingali and Paul Stodghill},
  title     = {A Relational Approach to the Compilation of Sparse Matrix
               Programs},
  year      = 1997,
  booktitle = {Euro-Par '97 Parallel Processing, Third International Euro-Par
               Conference, Passau, Germany, August 26-29, 1997, Proceedings},
  pages     = {318-327},
  doi       = {10.1007/BFb0002751},
  url       = {https://doi.org/10.1007/BFb0002751},
  crossref  = {DBLP:conf/europar/1997},
  timestamp = {Tue, 14 May 2019 10:00:46 +0200},
  biburl    = {https://dblp.org/rec/conf/europar/KotlyarPS97.bib},
  bibsource = {dblp computer science bibliography, https://dblp.org}
}

@proceedings{DBLP:conf/europar/1997,
  editor    = {Christian Lengauer and
               Martin Griebl and
               Sergei Gorlatch},
  title     = {Euro-Par '97 Parallel Processing, Third International Euro-Par Conference,
               Passau, Germany, August 26-29, 1997, Proceedings},
  series    = {Lecture Notes in Computer Science},
  volume    = {1300},
  publisher = {Springer},
  year      = {1997},
  url       = {https://doi.org/10.1007/BFb0002712},
  doi       = {10.1007/BFb0002712},
  isbn      = {3-540-63440-1},
  timestamp = {Tue, 14 May 2019 10:00:46 +0200},
  biburl    = {https://dblp.org/rec/conf/europar/1997.bib},
  bibsource = {dblp computer science bibliography, https://dblp.org}
}

@inproceedings{DBLP:conf/cgo/BaghdadiRRSAZSK19,
  author    = {Riyadh Baghdadi and Jessica Ray and Malek Ben Romdhane and
               Emanuele Del Sozzo and Abdurrahman Akkas and Yunming Zhang and
               Patricia Suriana and Shoaib Kamil and Saman P. Amarasinghe},
  title     = {Tiramisu: {A} Polyhedral Compiler for Expressing Fast and
               Portable Code},
  year      = 2019,
  booktitle = {{IEEE/ACM} International Symposium on Code Generation and
               Optimization, {CGO} 2019, Washington, DC, USA, February 16-20,
               2019},
  pages     = {193-205},
  doi       = {10.1109/CGO.2019.8661197},
  url       = {https://doi.org/10.1109/CGO.2019.8661197},
  crossref  = {DBLP:conf/cgo/2019},
  timestamp = {Wed, 16 Oct 2019 14:14:57 +0200},
  biburl    = {https://dblp.org/rec/conf/cgo/BaghdadiRRSAZSK19.bib},
  bibsource = {dblp computer science bibliography, https://dblp.org}
}

@proceedings{DBLP:conf/cgo/2019,
  editor    = {Mahmut Taylan Kandemir and
               Alexandra Jimborean and
               Tipp Moseley},
  title     = {{IEEE/ACM} International Symposium on Code Generation and Optimization,
               {CGO} 2019, Washington, DC, USA, February 16-20, 2019},
  publisher = {{IEEE}},
  year      = {2019},
  url       = {https://ieeexplore.ieee.org/xpl/conhome/8653576/proceeding},
  isbn      = {978-1-7281-1436-1},
  timestamp = {Wed, 16 Oct 2019 14:14:57 +0200},
  biburl    = {https://dblp.org/rec/conf/cgo/2019.bib},
  bibsource = {dblp computer science bibliography, https://dblp.org}
}

@article{DBLP:journals/pieee/StroutHO18,
  author    = {Michelle Mills Strout and Mary W. Hall and Catherine
               Olschanowsky},
  title     = {The Sparse Polyhedral Framework: Composing Compiler-Generated
               Inspector-Executor Code},
  year      = 2018,
  volume    = 106,
  number    = 11,
  pages     = {1921-1934},
  doi       = {10.1109/JPROC.2018.2857721},
  url       = {https://doi.org/10.1109/JPROC.2018.2857721},
  journal   = {Proceedings of the {IEEE}},
  timestamp = {Fri, 02 Nov 2018 15:38:59 +0100},
  biburl    = {https://dblp.org/rec/journals/pieee/StroutHO18.bib},
  bibsource = {dblp computer science bibliography, https://dblp.org}
}

@inproceedings{DBLP:conf/sosp/JiaPTWZA19,
  author    = {Zhihao Jia and Oded Padon and James J. Thomas and Todd
               Warszawski and Matei Zaharia and Alex Aiken},
  title     = {{TASO:} optimizing deep learning computation with automatic
               generation of graph substitutions},
  year      = 2019,
  booktitle = {Proceedings of the 27th {ACM} Symposium on Operating Systems
               Principles, {SOSP} 2019, Huntsville, ON, Canada, October
               27-30, 2019},
  pages     = {47-62},
  doi       = {10.1145/3341301.3359630},
  url       = {https://doi.org/10.1145/3341301.3359630},
  crossref  = {DBLP:conf/sosp/2019},
  timestamp = {Tue, 19 Nov 2019 12:45:13 +0100},
  biburl    = {https://dblp.org/rec/conf/sosp/JiaPTWZA19.bib},
  bibsource = {dblp computer science bibliography, https://dblp.org}
}

@proceedings{DBLP:conf/sosp/2019,
  editor    = {Tim Brecht and
               Carey Williamson},
  title     = {Proceedings of the 27th {ACM} Symposium on Operating Systems Principles,
               {SOSP} 2019, Huntsville, ON, Canada, October 27-30, 2019},
  publisher = {{ACM}},
  year      = {2019},
  url       = {https://dl.acm.org/citation.cfm?id=3341301},
  isbn      = {978-1-4503-6873-5},
  timestamp = {Tue, 19 Nov 2019 12:45:13 +0100},
  biburl    = {https://dblp.org/rec/conf/sosp/2019.bib},
  bibsource = {dblp computer science bibliography, https://dblp.org}
}


@inproceedings{DBLP:conf/nips/ChenZYJMCGK18,
  author    = {Tianqi Chen and Lianmin Zheng and Eddie Q. Yan and Ziheng
               Jiang and Thierry Moreau and Luis Ceze and Carlos Guestrin and
               Arvind Krishnamurthy},
  title     = {Learning to Optimize Tensor Programs},
  year      = 2018,
  booktitle = {Advances in Neural Information Processing Systems 31: Annual
               Conference on Neural Information Processing Systems 2018,
               NeurIPS 2018, 3-8 December 2018, Montr{\'{e}}al, Canada},
  pages     = {3393-3404},
  url       = {http://papers.nips.cc/paper/7599-learning-to-optimize-tensor-programs},
  crossref  = {DBLP:conf/nips/2018},
  timestamp = {Fri, 06 Mar 2020 17:00:31 +0100},
  biburl    = {https://dblp.org/rec/conf/nips/ChenZYJMCGK18.bib},
  bibsource = {dblp computer science bibliography, https://dblp.org}
}

@proceedings{DBLP:conf/nips/2018,
  editor    = {Samy Bengio and
               Hanna M. Wallach and
               Hugo Larochelle and
               Kristen Grauman and
               Nicol{\`{o}} Cesa{-}Bianchi and
               Roman Garnett},
  title     = {Advances in Neural Information Processing Systems 31: Annual Conference
               on Neural Information Processing Systems 2018, NeurIPS 2018, 3-8 December
               2018, Montr{\'{e}}al, Canada},
  year      = {2018},
  url       = {http://papers.nips.cc/book/advances-in-neural-information-processing-systems-31-2018},
  timestamp = {Fri, 06 Mar 2020 17:00:31 +0100},
  biburl    = {https://dblp.org/rec/conf/nips/2018.bib},
  bibsource = {dblp computer science bibliography, https://dblp.org}
}

@article{DBLP:journals/corr/abs-1802-04730,
  author        = {Nicolas Vasilache and Oleksandr Zinenko and Theodoros
                   Theodoridis and Priya Goyal and Zachary DeVito and William S.
                   Moses and Sven Verdoolaege and Andrew Adams and Albert Cohen},
  title         = {Tensor Comprehensions: Framework-Agnostic High-Performance
                   Machine Learning Abstractions},
  year          = 2018,
  volume        = {abs/1802.04730},
  eprint        = {1802.04730},
  url           = {http://arxiv.org/abs/1802.04730},
  journal       = {CoRR},
  archiveprefix = {arXiv},
  timestamp     = {Mon, 13 Aug 2018 16:47:43 +0200},
  biburl        = {https://dblp.org/rec/journals/corr/abs-1802-04730.bib},
  bibsource     = {dblp computer science bibliography, https://dblp.org}
}


@misc{smlperftest,
  author       = {SystemML},
  title        = {SystemML Performance Tests},
  publisher    = {GitHub},
  journal      = {GitHub repository},
  howpublished = {\url{https://github.com/apache/systemml/tree/master/scripts/perftest}}
}